3182 5172
497 454 589 496 sum
610 454 788 496 uuuufflnos
810 456 829 496 V

178 603 245 663 illos
267 621 284 662 e
307 603 436 683 scopulis
459 611 489 664 et
511 623 626 664 summo
649 606 759 666 vertice
781 606 891 665 montis

179 731 299 792 spumea
322 715 454 793 porrecti
477 714 653 775 dirimentes
675 722 758 792 terga
780 695 921 794 profundi

179 826 390 904 prosequimur
410 825 489 896 visu,
513 824 606 886 donec
630 826 749 887 lassavit
770 804 890 886 hiantes
922 815 924 818 ’

177 934 227 995 lux
249 934 351 996 oculos
372 925 552 1015 longumque
575 936 642 1015 polo
665 943 823 996 contexere
846 938 908 997 visa
931 943 976 996 est

155 1063 289 1123 aequor
312 1053 342 1106 et
365 1048 490 1106 extremi
510 1049 624 1125 pressit
645 1048 721 1108 freta
743 1039 878 1124 margine
901 1045 986 1108 caeli.
1172 1049 1233 1107 485

177 1157 254 1216 lama
277 1155 358 1217 subit
379 1163 497 1235 portus,
521 1163 637 1218 vectum
659 1165 743 1218 trans
764 1157 822 1218 alta
845 1157 979 1219 Thoanta

177 1267 307 1328 fraterna
330 1283 456 1345 regnare
480 1267 567 1338 Chio,
591 1267 665 1329 mihi
688 1269 813 1328 crimina
836 1268 928 1339 nulla,

178 1384 208 1437 et
229 1395 337 1438 vacuos
360 1379 467 1438 arsisse
491 1397 595 1456 rogos;
617 1380 719 1439 tremit
740 1380 833 1458 impia
855 1377 958 1458 plebes

178 1486 313 1548 sontibus
335 1506 476 1549 accensae
501 1489 629 1550 stimulis
650 1490 825 1569 facinusque
849 1495 1017 1567 reposcunt.
1125 1471 1126 1474 ¹

176 1601 250 1678 quin
273 1601 362 1658 etiam
384 1598 517 1659 occultae
542 1587 626 1678 vulgo
647 1599 875 1660 increbrescere
898 1618 1001 1660 voces:
1172 1587 1240 1660 496

178 1708 303 1769 “solane
326 1709 391 1771 suda,
406 1711 484 1779 suis,
507 1728 562 1770 nos
584 1717 682 1771 autern
704 1712 736 1770 in
758 1712 864 1770 lunera
886 1710 999 1771 laetae?

176 1837 235 1879 non
259 1820 332 1882 deus
354 1819 427 1880 baec
449 1821 617 1900 latumque,
641 1820 719 1899 quod
742 1823 871 1900 imperat
892 1819 967 1882 urbe
990 1818 1148 1882 uelanda.''

176 1929 287 1991 talibus
309 1931 452 1992 exanimis
466 1931 564 1992 dictis
587 1928 627 2010 (et
648 1932 734 1991 triste
758 1933 940 2012 propinquat

177 2040 370 2120 supplicium,
392 2059 448 2101 nec
469 2059 560 2118 regna
584 2041 695 2122 iuvant)
719 2059 792 2118 vaga
813 2040 900 2102 litora
924 2041 1026 2101 lurtim

177 2153 349 2212 incomitata
372 2170 481 2232 sequor
504 2153 681 2232 funestaque
702 2153 820 2212 moenia
843 2152 960 2232 linquo,
1170 2155 1232 2214 495

176 2280 234 2342 qua
255 2263 324 2339 luga
347 2270 415 2323 nota
438 2265 547 2342 patris:
571 2263 623 2323 sed
645 2282 705 2323 nou
728 2265 837 2323 iterum
859 2261 964 2322 obvius
986 2255 1126 2334 Euhan,l

88 2518 217 2560 TESTES·
241 2519 413 2568 Avc‘rossus.
436 2520 637 2562 IMITA'I'ORES.

159 2618 207 2666 481
218 2633 277 2681 sqq.
290 2616 326 2666 cf.
338 2616 420 2667 Ovio.
430 2617 494 2667 rn'et.
508 2617 547 2666 XI
559 2619 609 2668 463
620 2633 677 2682 sqq.
691 2618 855 2683 aequalique
869 2617 928 2673 ictu
942 2618 1072 2667 scindunt
1086 2619 1168 2669 freta.
1188 2634 1234 2670 su·

88 2684 171 2735 stulit
180 2683 232 2734 illa
243 2689 369 2735 umentes
381 2684 484 2747 oculos,
498 2689 672 2750 stantemque
685 2687 714 2735 in
724 2701 815 2750 puppe
825 2701 941 2737 recurva
954 2701 1141 2751 concussaque
1151 2702 1234 2738 manu

88 2753 204 2802 dantem
222 2753 276 2802 sibi
294 2753 375 2817 signa
393 2753 520 2802 maritum
540 2754 626 2818 prima
644 2753 721 2812 videt
743 2753 889 2818 redditque
908 2758 997 2803 notas.
1033 2755 1081 2803 ubi
1099 2761 1174 2805 terra
1192 2772 1233 2806 re·

88 2821 177 2870 cessit
199 2819 308 2885 longius
331 2825 414 2884 atque
434 2819 507 2884 oculi
525 2826 667 2885 nequeunt
690 2836 857 2886 cognoscere
875 2820 983 2882 vultus,
1007 2821 1070 2871 dum
1089 2823 1168 2884 licet,
1192 2825 1233 2872 in-

89 2888 216 2953 sequitur
228 2889 380 2954 fugientem
394 2888 496 2937 lumine
510 2889 610 2952 pinum.
641 2890 711 2939 haec
731 2904 837 2953 quoque
857 2894 887 2939 ut
904 2889 978 2938 haud
997 2895 1121 2955 poterat,
1142 2893 1233 2954 spatio

89 2960 239 3020 summota,
257 2956 362 3018 videri,
382 2956 446 3006 vela
464 2961 556 3007 tamen
575 2962 685 3022 spectat
704 2972 806 3007 summo
824 2957 964 3007 fluitantia
982 2958 1053 3006 malo
1121 2960 1172 3008 482
1196 2959 1232 3008 ef.
1332 2963 1337 2973 '

89 3026 204 3076 Persius
222 3026 235 3074 1
254 3026 286 3074 94
305 3025 352 3088 qui
371 3025 528 3074 caeruleum
547 3025 694 3075 dirimebat
712 3027 803 3076 Nerea
823 3025 934 3088 delphin

88 3264 186 3307 VARIA
207 3264 331 3306 Lucum.

175 3325 1233 3448 mwamwmmmmmmwmff

90 3469 105 3507 e
127 3451 244 3525 scopulis
260 3469 281 3522 p
297 3458 324 3507 et
340 3457 460 3508 coniecit
477 3453 654 3509 Bernartius
703 3461 731 3508 et
744 3453 862 3527 scopulis
874 3454 960 3510 PBM
1044 3453 1106 3511 483
1127 3455 1232 3510 hiantes

89 3539 230 3594 Heinsius
244 3540 273 3592 in
290 3539 403 3593 advers.
419 3539 466 3594 lib.
482 3538 492 3592 l
508 3555 574 3610 cap.
587 3537 605 3594 3
620 3556 649 3610 p.
663 3537 713 3595 23.
738 3539 778 3611 cf.
795 3538 880 3595 Theb.
896 3538 940 3593 Vll
952 3538 1012 3595 645
1099 3537 1160 3596 484
1176 3537 1235 3596 uilis

90 3623 131 3678 eit
156 3617 358 3695 (dioruuls
438 3622 499 3681 485
527 3623 663 3696 margines
686 3624 714 3678 Β
799 3622 860 3680 486
886 3617 1001 3698 portus]
1028 3625 1041 3677 l
1066 3626 1143 3698 ponti
1169 3617 1199 3679 r²
1224 3617 1233 3703 ll
1330 3625 1332 3630 '

90 3717 1232 3833 mmamffiwmmfflrmm

89 3843 186 3897 aetiam
202 3841 229 3895 Β
250 3833 261 3918 ll
283 3842 422 3898 occultec
444 3835 455 3918 ll
476 3844 668 3898 increscereP
707 3842 921 3900 increbescerer
1006 3843 1066 3901 491
1089 3843 1185 3915 iuuere
1205 3863 1232 3900 m

90 3929 154 3983 edd.
170 3933 234 3984 vett.
260 3927 301 3999 cf.
320 3927 407 3984 Theb.
423 3927 445 3982 ll
462 3928 521 3985 176
539 3925 678 4000 tporcum
692 3932 720 3984 in
733 3928 914 4001 praeconia’
932 3923 943 4006 ll
964 3929 1034 3986 letae
1055 3946 1071 3984 c
1114 3931 1197 3985 iactae
1216 3929 1238 4001 f

174 4009 235 4068 492
252 4008 378 4090 laftumq.
398 4013 423 4065 Β
439 4005 450 4090 ll
472 4012 536 4086 quid
552 4013 604 4086 Bs.
628 4030 683 4070 non
699 4013 765 4068 deus
780 4014 846 4070 haec
860 4013 1018 4088 latumque?
1041 4013 1104 4088 quid
1119 4005 1240 4087 imperat¹

91 4129 157 4186 urbe
173 4129 304 4186 nefanda?
327 4131 470 4188 Boethius
512 4101 840 4205 tmperal'henefamar
882 4130 1005 4208 urbieB
1078 4131 1140 4190 493
1156 4131 1235 4188 dictis

91 4224 118 4271 et
146 4215 222 4271 triste
249 4221 316 4287 post
340 4233 478 4273 rasuram
507 4232 599 4272 rescr.
626 4218 654 4273 P
680 4209 692 4294 ll
722 4218 798 4289 triste
825 4219 961 4292 ppinquat
987 4217 1015 4272 Β
1099 4215 1161 4274 494
1188 4215 1232 4274 lit·

91 4309 151 4358 tora
172 4300 234 4356 BM
253 4293 263 4378 ll
286 4299 379 4356 furtim
400 4302 426 4356 P
444 4317 520 4358 unus
542 4302 615 4358 Rea.
674 4301 748 4358 lurto
770 4302 845 4374 ΒΜ,
873 4304 949 4374 quod
968 4318 1039 4358 sane
1060 4302 1152 4359 Statio
1173 4321 1232 4359 ma·

90 4389 133 4458 qis
155 4389 290 4442 usitatum
312 4393 369 4459 est,
399 4405 484 4459 quam
506 4388 670 4443 adverbium
697 4386 827 4458 ‘furtim'
919 4385 981 4444 495
1009 4388 1095 4444 meula
1112 4387 1147 4461 fc
1265 4401 1269 4415 “

91 4469 151 4527 496
168 4467 226 4536 Quo
243 4462 273 4525 ο1
288 4463 299 4548 ΙΙ
316 4465 429 4546 iterum]
445 4471 497 4528 luit
512 4489 588 4528 unias
603 4472 676 4528 Beb.
695 4465 705 4550 ΙΙ
722 4472 809 4528 eulran
824 4472 909 4544 Pch
954 4489 1021 4528 euan
1036 4491 1062 4529 m

414 4557 429 4565 ’
966 4567 1030 4630 14*
