3182 5172
364 423 424 488 166
751 443 844 486 orum
866 443 1045 485 rmsmos
1063 445 1116 485 1111

450 595 627 673 Phegeaque
651 603 681 655 et
701 601 807 655 nostra.
825 584 1015 674 praesignem
1036 595 1161 656 Maeona
1181 594 1275 655 lauro.

447 724 485 766 ue
509 705 631 780 saevite,
658 703 764 774 duces,
789 705 860 764 nibil
883 705 933 766 bio
954 705 1130 766 mortalibus
1152 723 1272 775 ausum,

448 814 575 885 credite,
600 813 744 883 consiliis;
768 815 823 876 bos
844 816 944 877 serrea
966 823 1088 876 neverat
1109 835 1202 877 annos
1437 817 1482 874 600

428 927 585 1007 'Atropos
631 927 734 986 existis
756 944 857 996 oasns;
882 925 960 988 belia
982 926 1104 1004 horrida
1126 926 1227 996 nobis,

448 1047 535 1115 atque
556 1039 666 1097 iterum
689 1035 827 1114 Tydeus!
873 1037 957 1107 dioit,
982 1039 1113 1115 vittaque
1135 1036 1231 1115 ligatis
1292 1073 1296 1086 ι

446 1147 602 1209 frondibus
624 1149 769 1230 ipstantes
790 1147 881 1226 abigit
903 1155 1108 1228 monstratque
1130 1166 1279 1209 cruorem.

492 1258 595 1320 Stabat
615 1259 701 1338 inops
723 1259 867 1319 comitum
889 1259 989 1338 Cocyti
1011 1260 1042 1318 in
1065 1258 1153 1320 litora
1174 1266 1288 1320 maesto

452 1371 557 1439 Laius,
581 1369 676 1430 inmiti
700 1387 788 1447 quam
811 1370 869 1430 iam
893 1369 966 1430 dens
988 1368 1050 1430 ales
1072 1371 1188 1431 Averno
1354 1454 1356 1458 Ι
1439 1367 1484 1426 605

449 1478 638 1548 reddiderat,
662 1479 819 1560 dirumque
841 1488 930 1540 tuens
953 1479 1071 1558 obliqua
1094 1486 1233 1559 nopotem

451 1590 558 1671 (noscit
580 1591 657 1678 enim
680 1591 771 1670 vultu)
795 1608 855 1651 non
877 1589 927 1650 iiie
950 1597 1002 1651 aut
1024 1593 1178 1682 sanguinis
1199 1591 1338 1660 haustus,

450 1709 549 1762 cetera
572 1719 626 1761 eeu
648 1699 768 1780 plebes,
791 1699 917 1762 aliumve
939 1701 1054 1761 accedit
1075 1701 1111 1761 ad
1132 1701 1261 1763 imbrem

448 1810 606 1872 inmortale
630 1811 729 1892 odium
752 1813 878 1890 spirans.
924 1791 981 1872 sed
998 1810 1118 1891 prolicit
1139 1812 1218 1874 ultro

449 1924 561 1984 Aonius
582 1898 677 1986 vates:
704 1920 824 2000 ‘Tyriae
847 1922 907 1982 dux
928 1921 1029 1984 inclito
1052 1921 1184 1990 Thebes,

345 2073 348 2076 -
449 2035 535 2094 ouius
558 2033 594 2094 ab
616 2034 737 2093 interitu
760 2051 820 2093 non
843 2031 903 2093 ulia
925 2033 1098 2112 Amphionis
1120 2051 1203 2094 arces

449 2144 524 2224 vidit
546 2144 639 2205 amica
663 2143 735 2204 dies.
781 2145 879 2204 niam
902 2145 974 2232 satis
989 2141 1056 2205 'uite
1079 2153 1237 2208 cruentum

451 2257 573 2316 exitium
596 2264 625 2316 et
647 2254 773 2317 multum
796 2254 910 2345 planata
932 2255 1098 2322 minoribns
1119 2254 1240 2326 umbra,

452 2381 525 2443 quos
548 2366 715 2427 miserande
738 2365 835 2444 sugis?
856 2367 935 2426 iacet
957 2363 1006 2426 iiie
1028 2368 1059 2427 in
1082 2367 1189 2428 sunere
1210 2366 1315 2447 longo,

451 2492 538 2553 quem
559 2455 685 2555 premis,
710 2487 740 2537 et
755 2471 877 2538 'iun'otao
901 2477 993 2537 sentit
1015 2477 1142 2538 confinia
1163 2480 1270 2539 mortis
1439 2473 1482 2532 615

365 2702 492 2746 results.
516 2702 687 2746 Avcnonns.
712 2702 914 2746 musonius.

367 2861 390 2911 Ο
411 2792 532 2912 ᾱθὲἒθοί.
549 2794 632 2858 Verg.
645 2791 712 2844 Aen.
726 2793 765 2844 VI
777 2794 810 2843 86
828 2792 917 2855 bolla,
936 2791 1049 2845 horrida
1066 2792 1143 2844 balla
1212 2796 1263 2846 604
1275 2809 1335 2860 sqq.
1356 2793 1391 2844 es.
1403 2791 1484 2842 Seneca
1558 2808 1559 2811 =

393 2877 437 2911 e.
512 2877 572 2926 sqq.

366 3067 464 3110 VARIA
484 3067 609 3109 Lucum.

368 3171 372 3178 ’
431 3158 492 3216 598
515 3158 681 3234 Phaegaeaq.
707 3164 734 3216 B
790 3159 963 3236 Phlogeaque
985 3159 1026 3217 ud
1041 3153 1055 3242 Η
1070 3163 1163 3219 nostro
1186 3157 1233 3243 dss
1253 3159 1446 3240 presignemB

367 3244 526 3319 praesagum
562 3246 670 3303 Veneti.
699 3253 727 3302 et
754 3246 933 3304 Bernartius
960 3263 1000 3305 eu
1028 3254 1124 3304 uetere
1151 3252 1250 3306 codice
1286 3243 1300 3329 ΙΙ
1337 3263 1427 3308 meona
1447 3235 1480 3313 Γ

366 3329 445 3386 lauru
466 3322 500 3386 π1
582 3329 642 3388 599
666 3331 719 3387 Nae
741 3331 857 3388 saeuitae
880 3331 908 3386 B
964 3333 1019 3388 Neo
1041 3332 1141 3388 saeuite
1164 3351 1186 3388 π
1206 3327 1223 3413 ΙΙ
1242 3335 1279 3391 nii
1301 3331 1332 3392 r¹
1388 3325 1484 3390 nichilo

431 3416 493 3474 600
517 3412 669 3473 ueneratd
712 3425 827 3474 nouerat
849 3434 925 3475 uuus
940 3417 1013 3474 Beb.
1082 3418 1141 3476 601
1166 3435 1199 3474 ex
1220 3417 1316 3476 istisd
1381 3415 1434 3478 602
1452 3411 1484 3463 dt·

367 3570 420 3628 que
442 3521 631 3615 boumbour
646 3551 688 3635 (u
704 3570 796 3626 supro
812 3571 870 3610 ser.
889 3553 907 3612 3
923 3552 971 3628 m.)
985 3556 1014 3610 B
1034 3547 1048 3632 Η
1068 3553 1131 3612 dicit
1153 3557 1241 3612 PBM
1287 3556 1354 3612 dixit
1375 3575 1400 3612 m
1414 3549 1486 3702 eddp

367 3639 501 3712 uittasque
522 3638 550 3696 P
572 3630 587 3718 ΙΙ
612 3638 709 3713 legatis
726 3632 757 3712 sl
823 3639 883 3696 603
911 3637 1059 3698 Frontibus
1083 3635 1101 3696 ὃ
1126 3633 1140 3720 {l
1166 3640 1245 3698 abicit
1267 3643 1294 3697 P
1308 3643 1399 3698 Bura.
1415 3631 1463 3692 955

368 3742 541 3848 maurusque
564 3773 593 3828 Β
671 3765 732 3831 004
755 3775 849 3830 uiatore
873 3775 900 3830 Β
979 3775 1040 3834 sos
1062 3778 1150 3832 inmo
1171 3777 1244 3832 aar
1300 3777 1394 3834 immo
1414 3770 1442 3828 n
1558 3762 1559 3765 ‘

369 3859 429 3916 606
457 3859 609 3932 durumque
638 3875 662 3914 u
748 3860 808 3916 607
838 3864 962 3931 spatium
988 3866 1065 3918 iuter
1092 3863 1163 3918 anim
1192 3868 1219 3918 et
1242 3861 1321 3918 uultu
1347 3864 1426 3919 babet
1444 3839 1485 3922 Bi

290 3975 298 4004 0
368 3943 475 4000 uultum
496 3963 523 4000 m
546 3945 608 4000 edd.
633 3951 698 4001 vett.
721 3935 734 4023 il
754 3938 814 4020 aut]
839 3944 949 4001 haudr
998 3945 1031 4001 ad
1054 3939 1126 4026 mni}
1141 3947 1264 4002 baustum
1280 3942 1305 4012 ,δ
1381 3942 1434 4006 608
1452 3935 1487 3990 Gt·

367 4023 441 4107 tersa
462 4031 491 4085 B
533 4027 643 4084 Caetera
663 4021 713 4110 fu
735 4029 853 4085 altumue
875 4031 902 4086 P
920 4025 934 4108 Η
954 4029 1049 4088 accidit
1072 4031 1091 4104 (i
1108 4035 1196 4104 prior
1219 4049 1297 4087 corr.
1321 4036 1351 4089 in
1373 4031 1398 4105 e)
1417 4027 1440 4084 B

369 4115 429 4173 609
452 4113 596 4170 Inmortaie
618 4115 664 4187 Pf
706 4113 859 4171 Immortale
881 4113 945 4172 ΒΜ
961 4107 975 4195 Η
995 4116 1114 4190 aspirans
1130 4115 1152 4188 f
1167 4109 1181 4196 ΙΙ
1198 4117 1314 4191 proiigit
1335 4115 1362 4173 P
1406 4103 1486 4188 pr⁰s¹lit

368 4271 396 4309 m
418 4252 481 4308 aaa.
505 4252 768 4309 anteuronouum
848 4251 910 4309 610
931 4251 1033 4325 nequ
1054 4254 1081 4308 P
1135 4222 1239 4331 iniqu
1261 4251 1290 4306 Β
1369 4250 1424 4310 613
1442 4239 1484 4298 bi·

369 4337 433 4392 lium
456 4337 483 4392 P
567 4335 629 4392 614
651 4336 710 4404 Quo
732 4337 785 4392 Pm
808 4328 823 4415 ΙΙ
853 4337 881 4390 in
904 4355 956 4394 om.
981 4333 1077 4393 Brund.
1102 4337 1143 4410 ef.
1170 4339 1256 4396 Theb.
1279 4338 1290 4392 Ι
1311 4337 1362 4396 48.
1387 4335 1422 4394 77

372 4420 432 4476 616
456 4417 541 4487 Quem
563 4420 655 4477 fremis
676 4419 703 4476 P
721 4427 749 4477 et
770 4422 910 4478 Heinsius
932 4423 972 4478 ad
995 4421 1072 4480 Ouid.
1089 4431 1154 4481 met.
1170 4423 1181 4478 i
1198 4421 1257 4482 199
1281 4439 1320 4483 ex
1341 4417 1484 4499 quibusdam

371 4505 517 4562 codicibus
531 4497 545 4586 ΙΙ
560 4504 639 4562 sensit
662 4524 706 4563 rm
729 4506 790 4562 edd.
815 4511 880 4564 vett.
