3182 5172
746 427 838 469 srarl
861 427 1039 468 THEBAIDOS
1061 429 1082 469 V

429 588 510 656 terga
534 579 596 639 solo
618 580 750 658 siccique
773 596 886 638 nocens
908 578 982 638 lurit
1003 579 1073 654 igne
1096 580 1211 638 veneni.

429 698 530 767 stagna
553 708 608 769 per
630 696 808 768 arentesque
831 689 914 750 lacus
936 689 1091 768 fontesque
1114 707 1264 768 repressos

428 800 555 861 volvitur
577 807 606 860 et
629 801 729 860 vacuis
751 800 909 860 duriorum
932 800 964 859 in
985 799 1112 860 vallibus
1134 807 1227 868 errat,

429 914 626 990 incensusque
649 911 699 970 siti
721 909 868 990 liquidum
890 928 969 970 nuno
992 927 1062 970 aera
1084 909 1189 970 lambit

429 1040 481 1080 ore
504 1023 642 1100 supinato
664 1039 743 1081 nunc
765 1039 835 1080 arva
857 1023 1006 1098 gementia
1029 1020 1138 1081 radens
1426 1023 1487 1080 525

428 1151 541 1211 pronus
563 1132 705 1192 adhaeret
726 1131 832 1200 bunio,
856 1133 882 1190 si
904 1131 975 1210 quid
1000 1119 1159 1192 viridantia
1181 1131 1283 1190 sudent

428 1245 579 1321 gramina;
601 1260 761 1322 percussae
784 1241 890 1301 calidis
913 1240 1071 1302 adflatibus
1092 1240 1218 1311 herbae,

429 1372 487 1434 qua
508 1353 577 1414 tulit
598 1371 664 1421 ora,
687 1353 813 1421 cadunt,
836 1353 1019 1432 moriturque
1043 1353 1079 1412 ad
1102 1331 1191 1413 sibila
1212 1371 1343 1431 campus,
1427 1356 1486 1413 528

471 1463 544 1534 Quis
565 1462 636 1533 tibi,
659 1481 764 1541 parve,
788 1462 862 1522 deus
884 1471 945 1523 tam
966 1465 1065 1540 magni
1088 1463 1221 1542 pondera
1241 1463 1292 1522 lati
1430 1467 1484 1524 534

430 1583 509 1635 sorte
532 1573 631 1634 dediti
653 1581 724 1634 tune
746 1573 803 1632 boc
825 1574 872 1633 vix
894 1576 991 1653 prima
1014 1574 1049 1634 ad
1072 1573 1174 1634 limina
1197 1575 1269 1633 vitae
1430 1577 1483 1634 535

352 1755 357 1766 ,
428 1685 512 1745 hoste
535 1684 633 1744 iaces?
655 1702 691 1744 an
714 1690 747 1743 ut
768 1684 837 1744 inde
860 1702 945 1744 sacer
966 1701 1021 1762 per
1036 1682 1162 1765 'saecula
1186 1674 1277 1744 Grais

429 1794 569 1874 gentibus
590 1801 620 1854 et
643 1801 724 1854 tanto
747 1794 855 1871 dignus
876 1812 1028 1856 morerere
1052 1794 1230 1872 sepulchro?

428 1905 541 1965 occidis
563 1910 713 1965 extremae
736 1904 897 1964 destrictus
918 1904 1043 1964 verbere
1067 1905 1178 1964 caudae

428 2017 531 2094 ignaro
553 2022 691 2095 serpente
713 2033 804 2094 puer,
827 2016 904 2092 sugit
927 2015 1010 2076 ilicet
1031 2023 1114 2076 artus

429 2114 564 2196 somnus,
588 2132 617 2186 et
639 2128 670 2186 in
693 2126 785 2185 solam
807 2132 967 2204 patuerunt
989 2125 1102 2185 lumina
1125 2133 1260 2186 mortem.
1427 2131 1486 2188 540

471 2238 544 2298 Cum
565 2244 664 2298 mmen
688 2238 812 2297 attonito
834 2239 966 2296 moriens
989 2238 1103 2314 vagitus
1125 2237 1158 2296 in
1181 2254 1268 2296 auras

428 2348 540 2408 excidit
562 2354 592 2407 et
613 2349 710 2426 ruptis
732 2349 874 2407 inmutuit
896 2365 947 2406 ore
970 2345 1129 2426 querelliS,

430 2457 528 2536 qualia
550 2476 610 2518 non
631 2466 708 2518 totas
730 2463 876 2536 peragunt
896 2458 1043 2518 insomnia
1066 2443 1169 2526 uoces,

430 2568 524 2628 audiit
545 2567 706 2647 Hypsipyle
728 2567 905 2647 facilemque
928 2569 1068 2646 negantia
1090 2586 1212 2654 cursum

345 2808 470 2850 TES'I'ES.
492 2807 665 2850 Avcronns.
688 2808 890 2850 metrosus·

345 2911 491 2970 terraeque
511 2905 608 2955 ardore
627 2905 788 2968 debiscunt,
809 2905 910 2956 exsulit
927 2907 957 2955 in
975 2903 1077 2956 siecum
1095 2912 1124 2956 et
1188 2909 1281 2957 saevit
1300 2909 1374 2973 agris
1394 2925 1485 2973 asper·

346 2974 460 3039 quesiti
477 2979 561 3037 atque
575 2975 724 3024 exterritus
736 2980 815 3024 aestu
883 2976 933 3024 524
952 2975 988 3026 ct'.
1002 2974 1086 3024 Silius
1100 2975 1137 3023 VI
1150 2977 1199 3026 223
1213 2975 1358 3026 adsultans
1372 2977 1485 3026 aethera

345 3042 442 3091 lambit
510 3043 559 3092 542
582 3042 618 3096 cf.
638 3041 784 3092 claudian.
804 3041 919 3106 epithal.
941 3042 1012 3096 Pall.
1037 3047 1066 3092 et
1085 3043 1174 3094 Celer.
1198 3059 1224 3094 v.
1239 3047 1288 3095 108
1312 3045 1415 3110 ereptis
1439 3045 1483 3095 ob-

345 3111 445 3158 mutuit
461 3109 537 3158 unda
555 3110 686 3175 querellis

344 3317 441 3360 vesu
461 3258 587 3358 nucrao.

430 3418 492 3476 522
518 3419 558 3494 cf.
584 3420 669 3476 Theb.
691 3417 736 3474 llll
757 3418 817 3476 686
838 3435 881 3493 sq.
911 3413 922 3496 ΙΙ
952 3420 1075 3494 reprelol
1094 3439 1112 3476 r
1147 3506 1153 3514 ι
1196 3419 1258 3478 523
1281 3421 1382 3477 uacuus
1401 3413 1464 3494 B¹s
1475 3415 1481 3498 l

345 3508 420 3611 errbr
439 3536 548 3611 (ultim
569 3555 583 3594 r
605 3556 684 3595 corr.
705 3541 735 3595 in
758 3536 780 3610 t)
801 3539 829 3594 B
914 3537 976 3595 524
995 3540 1176 3611 incensusque
1196 3539 1241 3594 siti
1262 3541 1446 3597 Schraderus

344 3624 516 3697 incertusque
536 3623 681 3684 luiPBM
700 3625 857 3680 scholiasta
943 3622 1004 3680 525
1025 3623 1126 3679 rodenl
1141 3624 1163 3696 f
1173 3631 1200 3680 et
1214 3628 1324 3682 mavult
1338 3627 1482 3682 Heinsius.

346 3711 387 3764 oit
407 3716 502 3765 aetem
519 3709 633 3765 Ovidius
653 3725 766 3781 quoque
780 3715 845 3764 met.
860 3703 892 3762 lll
909 3707 948 3765 75
974 3709 1128 3782 ‘terraque
1148 3725 1220 3764 roso
1240 3717 1326 3767 sonat
1346 3708 1481 3783 squamis‘

431 3793 493 3851 526
508 3792 618 3849 adheret
632 3794 690 3865 Pfc
706 3786 717 3870 ΙΙ
733 3793 863 3866 ludantf
906 3790 909 3793 ’
941 3793 1003 3850 527
1020 3793 1163 3866 Gragmina
1178 3811 1242 3850 cum
1257 3813 1276 3868 g
1291 3797 1430 3852 subducto
1446 3791 1476 3850 ε’

304 3876 487 3960 ‘adflatibus
503 3879 532 3934 B
575 3875 708 3933 afflatibus
726 3878 785 3933 PM
799 3870 810 3955 ΙΙ
826 3876 926 3950 baerbe
946 3878 974 3933 B
1059 3877 1120 3934 528
1141 3875 1208 3934 bora
1229 3879 1258 3934 B
1343 3879 1404 3936 534
1425 3897 1481 3954 par·

330 3979 396 4050 ,uae
411 3962 440 4017 B
460 3956 471 4040 ΙΙ
493 3956 574 4037 deus]
590 3978 700 4036 puerm
724 3963 832 4019 Veneti.
850 3961 916 4020 3.4
1002 3962 1062 4019 536
1079 3964 1152 4036 graii
1164 3963 1238 4036 PBf
1276 3966 1359 4038 graiil
1372 3963 1403 4019 M

347 4098 406 4155 537
430 4069 587 4153 morem¹⁰e
640 4113 806 4153 morerere
860 4099 977 4154 moriere
998 4106 1119 4172 uterque
1139 4099 1212 4156 Beli.
1300 4099 1361 4157 538
1382 4099 1480 4155 destru-

346 4184 406 4238 ctul
423 4199 446 4236 rc
494 4181 630 4238 districtus
649 4201 675 4238 m
695 4175 706 4259 ΙΙ
730 4199 844 4239 neruere
859 4185 886 4239 P
938 4183 1051 4239 uerbere
1071 4188 1100 4239 in
1115 4202 1176 4241 ros.
1192 4184 1220 4239 B
1240 4177 1252 4262 ΙΙ
1274 4184 1362 4258 gaude
1378 4185 1404 4238 P

347 4267 405 4323 541
423 4268 556 4340 uagit'B
642 4267 702 4323 542
720 4268 760 4340 cf.
775 4268 861 4324 Tbeb.
874 4268 906 4322 Vl
919 4267 978 4325 185
996 4262 1007 4346 ΙΙ
1022 4271 1152 4325 inmutuit
1166 4269 1237 4347 PBc
1280 4263 1475 4325 immutuitM'
1584 4263 1585 4266 ¹

348 4350 475 4424 querellis
488 4348 534 4408 Br
577 4352 734 4425 querelitP
776 4353 895 4426 querelis
906 4353 939 4408 M
1022 4353 1085 4410 544
1099 4354 1231 4429 biplipyle
1247 4353 1275 4406 Ρ
1314 4354 1481 4429 hypsrpileB

389 4435 518 4510 yplrplrile
530 4435 552 4509 f
590 4436 772 4510 hyptrphitcc
815 4437 928 4511 yplipile
944 4454 1019 4494 arnus
1034 4438 1108 4495 Ber.
1151 4439 1256 4514 iliphile
1272 4442 1349 4496 citer
1364 4440 1435 4495 Belo.
