3166 5166
512 459 603 502 srd‘fl
626 459 802 502 rnnssdlnos
818 462 843 502 11

178 609 343 688 Argolico,
367 609 499 671 nondum
522 628 615 688 aequa
637 613 710 682 tuis,
734 611 797 672 rice
820 610 896 673 dicta
917 621 1052 691 reporta:

181 731 264 800 quae
290 739 354 781 sors
376 722 453 782 iusta
474 721 562 792 mihi,
588 740 664 800 quae
686 740 745 782 non
768 720 918 809 indebitus
940 725 1024 784 annis

178 839 308 912 sceptra
331 832 437 894 dicavit
458 831 569 903 honos,
592 841 680 894 teneo
703 832 885 912 longumque
908 832 1024 895 tenebo.

181 952 212 1004 te
236 962 335 1024 penes
356 943 493 1006 Inachiae
515 942 621 1006 dotalis
642 946 725 1024 regia
748 944 825 1014 dono
1185 948 1247 1008 430

181 1056 342 1133 coniugis,
368 1063 397 1116 et
418 1053 639 1136 Danaae‘(quid
662 1057 741 1116 enim
763 1056 925 1118 maioribus
947 1058 1020 1118 actis

179 1164 364 1244 invideamt)
388 1165 577 1228 cumulentur
600 1185 685 1247 opes,
709 1165 846 1228 lelioihus
867 1167 961 1244 Argos

182 1278 330 1357 auspiciis
352 1276 540 1356 Lernamque
562 1295 663 1356 regas;
687 1297 742 1338 nos
763 1277 884 1339 horrida
906 1278 1009 1340 Dirces

181 1405 300 1468 pascua
323 1395 352 1448 et
373 1387 512 1449 Euboicis
535 1396 642 1450 artatas
663 1388 803 1450 fluctibus
825 1408 907 1462 oras,

176 1518 248 1589 ‚non
273 1498 419 1577 indignati
441 1500 581 1561 miserum
605 1499 714 1560 dixisse
736 1507 889 1580 parentem
1184 1503 1246 1561 435

183 1609 375 1690 Oedipoden.
405 1609 458 1672 tihi
481 1610 562 1690 largn
587 1610 702 1691 (Pelops
726 1618 755 1671 et
776 1611 916 1673 Tantalus
939 1609 1051 1691 auctor)

160 1719 343 1821 'nobilitas
364 1722 548 1801 propiorque
569 1722 641 1783 ssuat
663 1721 698 1782 de
721 1725 864 1801 sanguine
885 1724 999 1808 iuncto

182 1831 330 1912 luppiter.
361 1850 437 1893 anne
460 1833 537 1894 ieret
555 1832 625 1909 quu
648 1843 789 1894 consueta
811 1839 935 1910 paterno

182 1943 268 2004 hunc
290 1944 393 2021 regina
415 1942 525 2005 larem?
548 1951 666 2004 nostrae
688 1945 736 2004 cui
756 1946 821 2004 iure
843 1961 961 2004 sorores

184 2056 277 2115 anxia
299 2072 392 2133 pensa
415 2053 547 2124 traham,
570 2054 659 2133 longo
682 2072 768 2132 quam
791 2053 909 2115 sordida
932 2053 1013 2116 luctu
1182 2056 1245 2114 440

183 2172 285 2226 mater
308 2172 337 2226 et
360 2183 396 2226 ex
416 2167 483 2226 imis
505 2165 620 2228 auditus
641 2166 717 2227 iorte
739 2164 872 2227 tenebris

186 2276 322 2337 offendat
343 2295 426 2337 sacer
448 2275 499 2338 ille
522 2295 623 2338 senex.
653 2278 712 2337 iam
734 2283 855 2356 pectora
878 2275 956 2354 vulgi

185 2385 352 2448 adsuevere
373 2389 456 2464 iugo;
480 2387 571 2467 pudet
592 2386 662 2449 iren!
686 2387 839 2467 plebisque
865 2395 1058 2467 patrumque,

185 2515 225 2558 ne
249 2498 360 2558 totiens
382 2498 614 2571 incertalerant
636 2504 811 2590 mutentqqe
833 2505 984 2576 gementes

185 2609 313 2686 imperia
338 2615 367 2668 et
388 2607 479 2669 dubio
501 2610 599 2689 pigeat
620 2627 725 2688 parere
747 2619 882 2687 tyranno.
922 2638 926 2645 ,
1183 2611 1245 2668 445

186 2737 247 2778 non
272 2718 506 2798 parcitpopulis
527 2737 650 2797 regnum
674 2721 779 2786 brere;
804 2721 936 2798 respice,
961 2725 1089 2796 quantus

186 2827 313 2898 horror,
339 2836 368 2889 et
389 2831 504 2889 attoniti
526 2838 627 2890 nostro
650 2832 680 2889 in
703 2829 874 2890 discrimine
897 2830 987 2889 cives!

187 2938 285 2999 hosne
308 2956 377 3016 ego,
402 2941 467 3016 quis
483 2938 563 3000 certa
580 2947 625 3002 est
639 2941 693 3001 sub
716 2949 744 3000 te
760 2939 835 3000 duce
850 2959 960 3018 poena,
984 2938 1168 3018 relinquam?

185 3052 296 3118 iratus,
320 3066 476 3127 germane,
500 3052 592 3111 renis.
624 3052 671 3111 foc
693 3050 782 3120 velle,
809 3068 864 3109 nec
886 3051 958 3128 ipsi,

187 3161 212 3218 si
235 3158 325 3220 modo
348 3167 435 3220 notus
458 3177 541 3220 amor
563 3161 721 3237 meritique
745 3167 789 3220 est
811 3160 919 3238 gratia,
943 3166 1043 3239 patres
1185 3163 1248 3222 450

106 3273 308 3289 *κῇ-*-

107 3346 199 3390 vnum
220 3350 349 3392 nacrro.

166 3425 227 3484 427
253 3427 377 3483 Arcolico
397 3421 427 3501 f¹
449 3419 461 3506 ΙΙ
483 3435 595 3502 aequata
617 3429 672 3484 vice
695 3429 837 3486 Burtdz'ur
860 3433 1004 3502 probante
1025 3411 1179 3486 Dulmero⁸

109 3556 166 3616 429
189 3537 353 3642 longumquse
376 3565 404 3620 B
426 3571 620 3638 aeternumque
647 3566 735 3636 lips,
769 3566 877 3622 Veneti.
997 3565 1059 3622 430
1081 3559 1177 3642 plenos
1197 3564 1225 3618 Β
1239 3555 1247 3640 {J

109 3693 216 3776 dotalis]
241 3700 341 3774 regalis
360 3717 435 3756 untes
458 3703 531 3757 Belo.
552 3719 569 3756 a
587 3718 637 3771 pr.
661 3719 697 3759 m.
775 3700 835 3757 431
860 3702 943 3756 danae
959 3702 1004 3758 Bc
1022 3673 1098 3764 danffe
1115 3699 1139 3770 (c
1155 3717 1245 3772 supro

110 3795 163 3836 scr.
189 3785 217 3840 3.
242 3783 291 3857 m.)
310 3785 332 3858 s
341 3779 354 3864 Η
370 3781 529 3862 maioribus]
554 3784 710 3840 melioribus
728 3805 775 3858 pm
874 3786 935 3844 432
958 3785 1087 3841 inuidiam
1109 3786 1136 3841 P

110 3862 167 3921 434
190 3869 274 3926 horai
294 3871 321 3925 Β
448 3870 509 3928 435
532 3870 682 3943 indignanti
706 3889 721 3926 o
841 3870 902 3928 436
925 3870 1040 3944 pelophl
1060 3871 1087 3924 Β
1102 3863 1115 3946 Η
1130 3878 1205 3924 actor
1226 3885 1248 3923 rr

170 3951 230 4012 437
254 3959 439 4030 ‚propriorque
460 3957 487 4012 P
511 3957 691 4029 propsiorque
719 3956 743 4026 (r
778 3954 867 4028 erus.)
892 3957 913 4027 f
933 3947 946 4018 ii
972 3955 1032 4010 lluit
1057 3951 1074 4010 δ
1110 3955 1248 4010 Heinsius

112 4031 157 4100 (od
179 4039 277 4098 Claud.
301 4042 346 4097 Xll
369 4040 419 4114 22)
538 4039 599 4097 439
624 4041 681 4095 lluc
703 4043 730 4096 P
748 4033 761 4119 l}
782 4041 863 4096 larem
887 4049 914 4095 ot
937 4032 990 4118 dl}
1010 4041 1083 4094 iurae
1105 4040 1132 4095 P

113 4115 170 4177 440
191 4127 300 4180 trahunt
323 4123 342 4182 δ
437 4125 496 4181 441
522 4120 654 4200 tenebris]
685 4125 794 4180 latebris
820 4127 907 4181 Tour.
1017 4123 1077 4180 442
1101 4126 1173 4179 satocr
1195 4125 1247 4179 Pm

113 4203 183 4261 locor
205 4211 441 4281 BMnsckoliusto
457 4203 470 4290 ll
486 4211 561 4284 uolgi
585 4211 612 4264 P
694 4211 755 4266 443
779 4210 930 4265 Adiueuere
952 4209 1023 4264 PBr
1050 4210 1194 4264 Aisuouore
1217 4210 1248 4264 lli

115 4285 172 4345 huic
192 4312 303 4351 suovere
326 4299 468 4353 Burtirius
559 4294 620 4350 444
644 4296 748 4351 tociens
768 4296 795 4351 B
809 4284 822 4373 Η
838 4295 877 4367 cf.
906 4295 991 4349 Theb.
1014 4293 1025 4347 l
1050 4294 1109 4350 174
1133 4311 1174 4366 sq.

115 4367 170 4429 445
193 4381 296 4437 tiranno
313 4384 340 4437 B
406 4381 467 4438 447
489 4383 517 4436 in
540 4400 592 4437 om.
615 4400 636 4453 p
700 4379 761 4437 448
784 4379 840 4435 llos
860 4378 904 4452 (nc
927 4377 992 4451 om.)
1011 4379 1047 4451 rf
1064 4381 1137 4435 Belo.
1157 4379 1184 4435 1.
1203 4379 1220 4433 2
1236 4375 1245 4456 Η

117 4469 259 4583 4444103Ρ
342 4517 405 4580 450
426 4520 466 4575 sic
488 4519 552 4574 mihi
574 4524 656 4574 nolus
679 4534 754 4574 amor
775 4518 980 4588 decimonono
