<?xml version="1.0" encoding="UTF-8"?>
<!DOCTYPE html PUBLIC "-//W3C//DTD XHTML 1.0 Transitional//EN"
    "http://www.w3.org/TR/xhtml1/DTD/xhtml1-transitional.dtd">
<html xmlns="http://www.w3.org/1999/xhtml" xml:lang="en" lang="en">
 <head>
  <title>
</title>
<meta http-equiv="Content-Type" content="text/html;charset=utf-8" />
  <meta name='ocr-system' content='tesseract 3.04.00' />
  <meta name='ocr-capabilities' content='ocr_page ocr_carea ocr_par ocr_line ocrx_word'/>
</head>
<body>
  <div class='ocr_page' id='page_1' title='image "./ppapinistatithe00mlgoog_0284.png"; bbox 0 0 3180 5176; ppageno 0'>
   <div class='ocr_carea' id='block_1_1' title="bbox 500 411 1245 476">
    <p class='ocr_par' dir='ltr' id='par_1_1' title="bbox 500 411 1245 476">
     <span class='ocr_line' id='line_1_1' title="bbox 500 411 1245 476; baseline 0 0"><span class='ocrx_word' id='word_1_1' title='bbox 500 431 592 476; x_wconf 77' lang='lat' dir='ltr'><strong>eram</strong></span> <span class='ocrx_word' id='word_1_2' title='bbox 614 431 790 475; x_wconf 76' lang='lat' dir='ltr'><strong>rnusamoe</strong></span> <span class='ocrx_word' id='word_1_3' title='bbox 813 433 846 476; x_wconf 88' lang='lat' dir='ltr'><strong>v1</strong></span> <span class='ocrx_word' id='word_1_4' title='bbox 987 424 995 432; x_wconf 82' lang='lat'><em>&#39;</em></span> <span class='ocrx_word' id='word_1_5' title='bbox 1183 411 1245 476; x_wconf 84' lang='lat'><strong>263</strong></span> 
     </span>
    </p>
   </div>
   <div class='ocr_carea' id='block_1_2' title="bbox 104 582 1243 2652">
    <p class='ocr_par' dir='ltr' id='par_1_2' title="bbox 104 582 1243 2652">
     <span class='ocr_line' id='line_1_2' title="bbox 170 582 1001 664; baseline 0 -20"><span class='ocrx_word' id='word_1_6' title='bbox 170 585 375 664; x_wconf 80' lang='lat' dir='ltr'>inspiratque</span> <span class='ocrx_word' id='word_1_7' title='bbox 396 600 516 652; x_wconf 87' lang='lat' dir='ltr'><strong>umero,</strong></span> <span class='ocrx_word' id='word_1_8' title='bbox 540 582 670 662; x_wconf 84' lang='lat' dir='ltr'><strong>flatuque</strong></span> <span class='ocrx_word' id='word_1_9' title='bbox 693 591 723 643; x_wconf 88' lang='lat' dir='ltr'><strong>et</strong></span> <span class='ocrx_word' id='word_1_10' title='bbox 744 584 873 662; x_wconf 80' lang='lat' dir='ltr'><strong>pectoris</strong></span> <span class='ocrx_word' id='word_1_11' title='bbox 895 582 1001 645; x_wconf 90' lang='lat' dir='ltr'><strong>umbra</strong></span> 
     </span>
     <span class='ocr_line' id='line_1_3' title="bbox 170 692 1243 775; baseline 0 -20"><span class='ocrx_word' id='word_1_12' title='bbox 170 703 273 774; x_wconf 86' lang='lat' dir='ltr'><strong>terga</strong></span> <span class='ocrx_word' id='word_1_13' title='bbox 295 697 412 775; x_wconf 79' lang='lat' dir='ltr'><strong>premit.</strong></span> <span class='ocrx_word' id='word_1_14' title='bbox 455 702 522 774; x_wconf 87' lang='lat' dir='ltr'><strong>post</strong></span> <span class='ocrx_word' id='word_1_15' title='bbox 543 692 681 771; x_wconf 82' lang='lat' dir='ltr'><strong>ambiguo</strong></span> <span class='ocrx_word' id='word_1_16' title='bbox 703 693 874 755; x_wconf 81' lang='lat' dir='ltr'><strong>discrimine</strong></span> <span class='ocrx_word' id='word_1_17' title='bbox 896 694 1021 756; x_wconf 90' lang='lat' dir='ltr'><strong>tendunt</strong></span> <span class='ocrx_word' id='word_1_18' title='bbox 1183 699 1243 757; x_wconf 88' lang='grc'><strong>605</strong></span> 
     </span>
     <span class='ocr_line' id='line_1_4' title="bbox 172 803 1084 884; baseline -0.001 -17"><span class='ocrx_word' id='word_1_19' title='bbox 172 806 366 868; x_wconf 81' lang='lat' dir='ltr'><strong>Phaedimus</strong></span> <span class='ocrx_word' id='word_1_20' title='bbox 388 812 477 882; x_wconf 90' lang='lat' dir='ltr'><strong>atque</strong></span> <span class='ocrx_word' id='word_1_21' title='bbox 499 805 620 884; x_wconf 80' lang='lat' dir='ltr'><strong>Dymas,</strong></span> <span class='ocrx_word' id='word_1_22' title='bbox 643 803 701 865; x_wconf 92' lang='lat' dir='ltr'><strong>illis</strong></span> <span class='ocrx_word' id='word_1_23' title='bbox 724 803 803 865; x_wconf 87' lang='lat' dir='ltr'><strong>celer</strong></span> <span class='ocrx_word' id='word_1_24' title='bbox 825 806 961 866; x_wconf 77' lang='lat' dir='ltr'><strong>imminet</strong></span> <span class='ocrx_word' id='word_1_25' title='bbox 982 805 1084 866; x_wconf 78' lang='lat' dir='ltr'><strong>Alcon.</strong></span> 
     </span>
     <span class='ocr_line' id='line_1_5' title="bbox 226 912 957 994; baseline -0.003 -18"><span class='ocrx_word' id='word_1_26' title='bbox 226 915 339 978; x_wconf 86' lang='lat' dir='ltr'><strong>Flavus</strong></span> <span class='ocrx_word' id='word_1_27' title='bbox 361 914 398 977; x_wconf 89' lang='lat' dir='ltr'><strong>ab</strong></span> <span class='ocrx_word' id='word_1_28' title='bbox 420 917 538 976; x_wconf 89' lang='lat' dir='ltr'><strong>intonso</strong></span> <span class='ocrx_word' id='word_1_29' title='bbox 560 912 708 994; x_wconf 80' lang='lat' dir='ltr'><strong>pendebat</strong></span> <span class='ocrx_word' id='word_1_30' title='bbox 730 917 843 976; x_wconf 88' lang='lat' dir='ltr'><strong>vertice</strong></span> <span class='ocrx_word' id='word_1_31' title='bbox 865 916 957 974; x_wconf 90' lang='lat' dir='ltr'><strong>crinis</strong></span> 
     </span>
     <span class='ocr_line' id='line_1_6' title="bbox 104 1009 1021 1105; baseline -0.002 -18"><span class='ocrx_word' id='word_1_32' title='bbox 104 1009 108 1012; x_wconf 49' lang='grc'><strong>’</strong></span> <span class='ocrx_word' id='word_1_33' title='bbox 172 1025 329 1088; x_wconf 84' lang='lat' dir='ltr'><strong>Arcados.</strong></span> <span class='ocrx_word' id='word_1_34' title='bbox 373 1026 431 1086; x_wconf 87' lang='lat' dir='ltr'><strong>hoc</strong></span> <span class='ocrx_word' id='word_1_35' title='bbox 451 1026 556 1104; x_wconf 90' lang='lat' dir='ltr'><strong>primis</strong></span> <span class='ocrx_word' id='word_1_36' title='bbox 578 1025 692 1086; x_wconf 84' lang='lat' dir='ltr'><strong>Triviae</strong></span> <span class='ocrx_word' id='word_1_37' title='bbox 715 1024 856 1105; x_wconf 91' lang='lat' dir='ltr'><strong>pascebat</strong></span> <span class='ocrx_word' id='word_1_38' title='bbox 877 1024 914 1085; x_wconf 95' lang='lat' dir='ltr'><strong>ab</strong></span> <span class='ocrx_word' id='word_1_39' title='bbox 936 1025 1021 1086; x_wconf 90' lang='lat' dir='ltr'><strong>annis</strong></span> 
     </span>
     <span class='ocr_line' id='line_1_7' title="bbox 173 1134 977 1215; baseline -0.005 -15"><span class='ocrx_word' id='word_1_40' title='bbox 173 1155 298 1200; x_wconf 88' lang='lat' dir='ltr'><strong>munus</strong></span> <span class='ocrx_word' id='word_1_41' title='bbox 320 1144 363 1208; x_wconf 88' lang='lat' dir='ltr'><strong>et,</strong></span> <span class='ocrx_word' id='word_1_42' title='bbox 387 1136 499 1215; x_wconf 80' lang='lat' dir='ltr'><strong>Ogygio</strong></span> <span class='ocrx_word' id='word_1_43' title='bbox 522 1137 613 1196; x_wconf 90' lang='lat' dir='ltr'><strong>victor</strong></span> <span class='ocrx_word' id='word_1_44' title='bbox 635 1154 702 1197; x_wconf 89' lang='lat' dir='ltr'><strong>oum</strong></span> <span class='ocrx_word' id='word_1_45' title='bbox 723 1136 816 1197; x_wconf 89' lang='lat' dir='ltr'><strong>Marte</strong></span> <span class='ocrx_word' id='word_1_46' title='bbox 836 1134 977 1205; x_wconf 84' lang='lat' dir='ltr'><strong>redisset,</strong></span> 
     </span>
     <span class='ocr_line' id='line_1_8' title="bbox 172 1246 900 1329; baseline -0.004 -21"><span class='ocrx_word' id='word_1_47' title='bbox 172 1249 369 1329; x_wconf 82' lang='lat' dir='ltr'><strong>nequiquam</strong></span> <span class='ocrx_word' id='word_1_48' title='bbox 390 1247 494 1326; x_wconf 90' lang='lat' dir='ltr'><strong>patriis</strong></span> <span class='ocrx_word' id='word_1_49' title='bbox 516 1246 611 1308; x_wconf 84' lang='lat' dir='ltr'><strong>audax</strong></span> <span class='ocrx_word' id='word_1_50' title='bbox 632 1248 810 1327; x_wconf 86' lang='lat' dir='ltr'><strong>promiserat</strong></span> <span class='ocrx_word' id='word_1_51' title='bbox 831 1247 900 1308; x_wconf 90' lang='lat' dir='ltr'><strong>aris.</strong></span> 
     </span>
     <span class='ocr_line' id='line_1_9' title="bbox 176 1355 889 1438; baseline -0.003 -18"><span class='ocrx_word' id='word_1_52' title='bbox 176 1367 262 1420; x_wconf 86' lang='lat' dir='ltr'><strong>tunc</strong></span> <span class='ocrx_word' id='word_1_53' title='bbox 284 1357 359 1420; x_wconf 90' lang='lat' dir='ltr'><strong>liber</strong></span> <span class='ocrx_word' id='word_1_54' title='bbox 381 1376 460 1419; x_wconf 78' lang='lat' dir='ltr'><strong>nexu</strong></span> <span class='ocrx_word' id='word_1_55' title='bbox 481 1355 596 1438; x_wconf 91' lang='lat' dir='ltr'><strong>lateque</strong></span> <span class='ocrx_word' id='word_1_56' title='bbox 618 1357 649 1418; x_wconf 93' lang='lat' dir='ltr'><strong>in</strong></span> <span class='ocrx_word' id='word_1_57' title='bbox 672 1366 755 1436; x_wconf 84' lang='lat' dir='ltr'><strong>terga</strong></span> <span class='ocrx_word' id='word_1_58' title='bbox 777 1356 889 1418; x_wconf 89' lang='lat' dir='ltr'><strong>solutus</strong></span> 
     </span>
     <span class='ocr_line' id='line_1_10' title="bbox 174 1459 929 1549; baseline -0.001 -19"><span class='ocrx_word' id='word_1_59' title='bbox 174 1487 317 1530; x_wconf 88' lang='lat' dir='ltr'><strong>occursu</strong></span> <span class='ocrx_word' id='word_1_60' title='bbox 337 1468 460 1549; x_wconf 80' lang='lat' dir='ltr'><strong>zephyri</strong></span> <span class='ocrx_word' id='word_1_61' title='bbox 481 1476 563 1529; x_wconf 89' lang='lat' dir='ltr'><strong>retro</strong></span> <span class='ocrx_word' id='word_1_62' title='bbox 585 1459 651 1528; x_wconf 78' lang='lat' dir='ltr'><strong>fluit</strong></span> <span class='ocrx_word' id='word_1_63' title='bbox 672 1476 703 1528; x_wconf 92' lang='lat' dir='ltr'><strong>et</strong></span> <span class='ocrx_word' id='word_1_64' title='bbox 723 1467 809 1528; x_wconf 91' lang='lat' dir='ltr'><strong>simul</strong></span> <span class='ocrx_word' id='word_1_65' title='bbox 831 1469 929 1549; x_wconf 91' lang='lat' dir='ltr'><strong>ipsum</strong></span> 
     </span>
     <span class='ocr_line' id='line_1_11' title="bbox 173 1577 917 1659; baseline -0.003 -19"><span class='ocrx_word' id='word_1_66' title='bbox 173 1578 314 1659; x_wconf 89' lang='lat' dir='ltr'><strong>impedit</strong></span> <span class='ocrx_word' id='word_1_67' title='bbox 334 1577 501 1657; x_wconf 80' lang='lat' dir='ltr'><strong>infestoque</strong></span> <span class='ocrx_word' id='word_1_68' title='bbox 525 1578 625 1640; x_wconf 88' lang='lat' dir='ltr'><strong>volans</strong></span> <span class='ocrx_word' id='word_1_69' title='bbox 647 1577 820 1640; x_wconf 86' lang='lat' dir='ltr'><strong>obtenditur</strong></span> <span class='ocrx_word' id='word_1_70' title='bbox 840 1577 917 1652; x_wconf 83' lang='lat' dir='ltr'><strong>ldae.</strong></span> 
     </span>
     <span class='ocr_line' id='line_1_12' title="bbox 175 1687 1031 1772; baseline -0.001 -22"><span class='ocrx_word' id='word_1_71' title='bbox 175 1689 258 1750; x_wconf 90' lang='lat' dir='ltr'><strong>inde</strong></span> <span class='ocrx_word' id='word_1_72' title='bbox 283 1687 383 1772; x_wconf 86' lang='lat' dir='ltr'><strong>dolum</strong></span> <span class='ocrx_word' id='word_1_73' title='bbox 406 1690 521 1750; x_wconf 88' lang='lat' dir='ltr'><strong>iuvenis</strong></span> <span class='ocrx_word' id='word_1_74' title='bbox 543 1689 701 1766; x_wconf 80' lang='lat' dir='ltr'><strong>fraudique</strong></span> <span class='ocrx_word' id='word_1_75' title='bbox 723 1689 915 1752; x_wconf 80' lang='lat' dir='ltr'><strong>adcommoda</strong></span> <span class='ocrx_word' id='word_1_76' title='bbox 938 1691 1031 1751; x_wconf 88' lang='lat' dir='ltr'><strong>sensit</strong></span> 
     </span>
     <span class='ocr_line' id='line_1_13' title="bbox 173 1798 1242 1880; baseline 0.001 -19"><span class='ocrx_word' id='word_1_77' title='bbox 173 1809 337 1880; x_wconf 83' lang='lat' dir='ltr'><strong>tempora;</strong></span> <span class='ocrx_word' id='word_1_78' title='bbox 360 1801 420 1861; x_wconf 93' lang='lat' dir='ltr'><strong>iam</strong></span> <span class='ocrx_word' id='word_1_79' title='bbox 442 1801 531 1860; x_wconf 81' lang='lat' dir='ltr'><strong>linem</strong></span> <span class='ocrx_word' id='word_1_80' title='bbox 553 1801 648 1870; x_wconf 83' lang='lat' dir='ltr'><strong>iuxta,</strong></span> <span class='ocrx_word' id='word_1_81' title='bbox 673 1799 742 1859; x_wconf 89' lang='lat' dir='ltr'><strong>dum</strong></span> <span class='ocrx_word' id='word_1_82' title='bbox 764 1798 864 1861; x_wconf 90' lang='lat' dir='ltr'><strong>limina</strong></span> <span class='ocrx_word' id='word_1_83' title='bbox 885 1803 980 1862; x_wconf 86' lang='lat' dir='ltr'><strong>victor</strong></span> <span class='ocrx_word' id='word_1_84' title='bbox 1183 1803 1242 1862; x_wconf 85' lang='lat'><strong>615</strong></span> 
     </span>
     <span class='ocr_line' id='line_1_14' title="bbox 173 1887 964 1989; baseline 0 -17"><span class='ocrx_word' id='word_1_85' title='bbox 173 1909 430 1989; x_wconf 87' lang='lat' dir='ltr'><strong>Parthenopaeus</strong></span> <span class='ocrx_word' id='word_1_86' title='bbox 451 1911 520 1979; x_wconf 91' lang='lat' dir='ltr'><strong>init,</strong></span> <span class='ocrx_word' id='word_1_87' title='bbox 544 1917 681 1989; x_wconf 90' lang='lat' dir='ltr'><strong>correpto</strong></span> <span class='ocrx_word' id='word_1_88' title='bbox 705 1887 788 1971; x_wconf 87' lang='lat' dir='ltr'><strong>crine</strong></span> <span class='ocrx_word' id='word_1_89' title='bbox 808 1910 964 1972; x_wconf 86' lang='lat' dir='ltr'><strong>reductum</strong></span> 
     </span>
     <span class='ocr_line' id='line_1_15' title="bbox 173 2012 966 2101; baseline -0.003 -19"><span class='ocrx_word' id='word_1_90' title='bbox 173 2012 337 2100; x_wconf 74' lang='lat' dir='ltr'><strong>occupat,&#39;</strong></span> <span class='ocrx_word' id='word_1_91' title='bbox 352 2027 381 2080; x_wconf 91' lang='lat' dir='ltr'><strong>et</strong></span> <span class='ocrx_word' id='word_1_92' title='bbox 401 2019 507 2098; x_wconf 82' lang='lat' dir='ltr'><strong>longae</strong></span> <span class='ocrx_word' id='word_1_93' title='bbox 530 2022 643 2100; x_wconf 89' lang='lat' dir='ltr'><strong>primus</strong></span> <span class='ocrx_word' id='word_1_94' title='bbox 665 2021 735 2082; x_wconf 90' lang='lat' dir='ltr'><strong>ierit</strong></span> <span class='ocrx_word' id='word_1_95' title='bbox 757 2022 831 2082; x_wconf 91' lang='lat' dir='ltr'><strong>ostia</strong></span> <span class='ocrx_word' id='word_1_96' title='bbox 853 2027 966 2101; x_wconf 89' lang='lat' dir='ltr'><strong>portae.</strong></span> 
     </span>
     <span class='ocr_line' id='line_1_16' title="bbox 221 2129 1061 2210; baseline 0.001 -19"><span class='ocrx_word' id='word_1_97' title='bbox 221 2129 358 2191; x_wconf 82' lang='lat' dir='ltr'><strong>Arcades</strong></span> <span class='ocrx_word' id='word_1_98' title='bbox 380 2147 462 2192; x_wconf 89' lang='lat' dir='ltr'><strong>arma</strong></span> <span class='ocrx_word' id='word_1_99' title='bbox 483 2130 629 2200; x_wconf 80' lang='lat' dir='ltr'><strong>fremunt,</strong></span> <span class='ocrx_word' id='word_1_100' title='bbox 653 2131 742 2192; x_wconf 90' lang='lat' dir='ltr'><strong>armis</strong></span> <span class='ocrx_word' id='word_1_101' title='bbox 764 2130 924 2192; x_wconf 77' lang='lat' dir='ltr'><strong>defendere</strong></span> <span class='ocrx_word' id='word_1_102' title='bbox 945 2149 1061 2210; x_wconf 86' lang='lat' dir='ltr'><strong>regem,</strong></span> 
     </span>
     <span class='ocr_line' id='line_1_17' title="bbox 174 2239 995 2321; baseline 0.001 -19"><span class='ocrx_word' id='word_1_103' title='bbox 174 2243 210 2302; x_wconf 93' lang='lat' dir='ltr'><strong>ni</strong></span> <span class='ocrx_word' id='word_1_104' title='bbox 233 2247 356 2321; x_wconf 90' lang='lat' dir='ltr'><strong>raptum</strong></span> <span class='ocrx_word' id='word_1_105' title='bbox 382 2239 472 2302; x_wconf 84' lang='lat' dir='ltr'><strong>decus</strong></span> <span class='ocrx_word' id='word_1_106' title='bbox 495 2245 524 2301; x_wconf 88' lang='lat' dir='ltr'><strong>et</strong></span> <span class='ocrx_word' id='word_1_107' title='bbox 544 2241 644 2302; x_wconf 89' lang='lat' dir='ltr'><strong>meriti</strong></span> <span class='ocrx_word' id='word_1_108' title='bbox 666 2240 829 2302; x_wconf 90' lang='lat' dir='ltr'><strong>reddantur</strong></span> <span class='ocrx_word' id='word_1_109' title='bbox 852 2241 995 2312; x_wconf 91' lang='lat' dir='ltr'><strong>honores,</strong></span> 
     </span>
     <span class='ocr_line' id='line_1_18' title="bbox 176 2343 1241 2430; baseline 0.004 -18"><span class='ocrx_word' id='word_1_110' title='bbox 176 2351 372 2412; x_wconf 87' lang='lat' dir='ltr'><strong>contendunt</strong></span> <span class='ocrx_word' id='word_1_111' title='bbox 392 2358 513 2428; x_wconf 88' lang='lat' dir='ltr'><strong>totoque</strong></span> <span class='ocrx_word' id='word_1_112' title='bbox 534 2358 640 2430; x_wconf 87' lang='lat' dir='ltr'><strong>parant</strong></span> <span class='ocrx_word' id='word_1_113' title='bbox 662 2343 806 2412; x_wconf 86' lang='lat' dir='ltr'><strong>decedere</strong></span> <span class='ocrx_word' id='word_1_114' title='bbox 829 2353 918 2413; x_wconf 90' lang='lat' dir='ltr'><strong>circo.</strong></span> <span class='ocrx_word' id='word_1_115' title='bbox 1179 2355 1241 2416; x_wconf 93' lang='grc'><strong>620</strong></span> 
     </span>
     <span class='ocr_line' id='line_1_19' title="bbox 176 2442 980 2541; baseline 0.002 -19"><span class='ocrx_word' id='word_1_116' title='bbox 176 2469 253 2523; x_wconf 86' lang='lat' dir='ltr'><strong>sunt</strong></span> <span class='ocrx_word' id='word_1_117' title='bbox 276 2469 307 2522; x_wconf 92' lang='lat' dir='ltr'><strong>et</strong></span> <span class='ocrx_word' id='word_1_118' title='bbox 329 2459 483 2540; x_wconf 85' lang='lat' dir='ltr'><strong>qnisldae</strong></span> <span class='ocrx_word' id='word_1_119' title='bbox 504 2460 620 2541; x_wconf 88' lang='lat' dir='ltr'><strong>placeat</strong></span> <span class='ocrx_word' id='word_1_120' title='bbox 642 2442 735 2523; x_wconf 80' lang='lat' dir='ltr'><strong>dolus.</strong></span> <span class='ocrx_word' id='word_1_121' title='bbox 779 2463 841 2541; x_wconf 89' lang='lat' dir='ltr'><strong>ipse</strong></span> <span class='ocrx_word' id='word_1_122' title='bbox 863 2469 980 2541; x_wconf 84' lang='lat' dir='ltr'><strong>regesta</strong></span> 
     </span>
     <span class='ocr_line' id='line_1_20' title="bbox 176 2567 1208 2652; baseline 0.001 -20"><span class='ocrx_word' id='word_1_123' title='bbox 176 2570 426 2651; x_wconf 90' lang='lat' dir='ltr'><strong>Parthenopaeus</strong></span> <span class='ocrx_word' id='word_1_124' title='bbox 448 2570 539 2631; x_wconf 91' lang='lat' dir='ltr'><strong>humo</strong></span> <span class='ocrx_word' id='word_1_125' title='bbox 565 2570 734 2652; x_wconf 86' lang='lat' dir='ltr'><strong>vultumque</strong></span> <span class='ocrx_word' id='word_1_126' title='bbox 755 2571 915 2652; x_wconf 91' lang='lat' dir='ltr'><strong>oculosque</strong></span> <span class='ocrx_word' id='word_1_127' title='bbox 937 2573 1089 2634; x_wconf 90' lang='lat' dir='ltr'><strong>madentes</strong></span> <span class='ocrx_word' id='word_1_128' title='bbox 1205 2567 1208 2574; x_wconf 69' lang='grc'><em>’</em></span> 
     </span>
    </p>
   </div>
   <div class='ocr_carea' id='block_1_3' title="bbox 95 2687 307 2701">
    <p class='ocr_par' dir='ltr' id='par_1_3' title="bbox 95 2687 307 2701">
     <span class='ocr_line' id='line_1_21' title="bbox 95 2687 307 2701; baseline 0 -1"><span class='ocrx_word' id='word_1_129' title='bbox 95 2687 307 2701; x_wconf 79' lang='lat'>—-——-</span> 
     </span>
    </p>
   </div>
   <div class='ocr_carea' id='block_1_4' title="bbox 91 2761 646 2806">
    <p class='ocr_par' dir='ltr' id='par_1_4' title="bbox 91 2761 646 2806">
     <span class='ocr_line' id='line_1_22' title="bbox 91 2761 646 2806; baseline -0.004 -3"><span class='ocrx_word' id='word_1_130' title='bbox 91 2763 223 2806; x_wconf 74' lang='lat' dir='ltr'>TESTES·</span> <span class='ocrx_word' id='word_1_131' title='bbox 247 2761 422 2806; x_wconf 76' lang='lat' dir='ltr'><strong>Avcuouns.</strong></span> <span class='ocrx_word' id='word_1_132' title='bbox 446 2761 646 2805; x_wconf 68' lang='lat' dir='ltr'><strong>luluauoltns</strong></span> 
     </span>
    </p>
   </div>
   <div class='ocr_carea' id='block_1_5' title="bbox 51 2841 1239 3249">
    <p class='ocr_par' dir='ltr' id='par_1_5' title="bbox 94 2841 1239 2910">
     <span class='ocr_line' id='line_1_23' title="bbox 94 2841 1239 2910; baseline 0.003 -18"><span class='ocrx_word' id='word_1_133' title='bbox 94 2844 179 2910; x_wconf 79' lang='lat' dir='ltr'><strong>etiam</strong></span> <span class='ocrx_word' id='word_1_134' title='bbox 204 2844 291 2894; x_wconf 85' lang='lat' dir='ltr'><strong>dorso</strong></span> <span class='ocrx_word' id='word_1_135' title='bbox 312 2847 396 2908; x_wconf 85' lang='lat' dir='ltr'><strong>atque</strong></span> <span class='ocrx_word' id='word_1_136' title='bbox 417 2843 518 2892; x_wconf 87' lang='lat' dir='ltr'><strong>umeris</strong></span> <span class='ocrx_word' id='word_1_137' title='bbox 541 2841 710 2908; x_wconf 85' lang='lat' dir='ltr'><strong>trepidantis</strong></span> <span class='ocrx_word' id='word_1_138' title='bbox 729 2842 828 2893; x_wconf 88' lang='lat' dir='ltr'><strong>Hiberi</strong></span> <span class='ocrx_word' id='word_1_139' title='bbox 853 2858 901 2894; x_wconf 85' lang='lat' dir='ltr'><strong>ore</strong></span> <span class='ocrx_word' id='word_1_140' title='bbox 922 2844 1097 2910; x_wconf 80' lang='lat' dir='ltr'><strong>superposuit</strong></span> <span class='ocrx_word' id='word_1_141' title='bbox 1121 2843 1239 2910; x_wconf 87' lang='lat' dir='ltr'><strong>sonipes,</strong></span> 
     </span>
    </p>

    <p class='ocr_par' dir='ltr' id='par_1_6' title="bbox 94 2910 1109 2978">
     <span class='ocr_line' id='line_1_24' title="bbox 94 2910 1109 2978; baseline 0.003 -20"><span class='ocrx_word' id='word_1_142' title='bbox 94 2910 231 2978; x_wconf 83' lang='lat' dir='ltr'><strong>flatusque</strong></span> <span class='ocrx_word' id='word_1_143' title='bbox 250 2926 354 2976; x_wconf 83' lang='lat' dir='ltr'><strong>vapore</strong></span> <span class='ocrx_word' id='word_1_144' title='bbox 376 2915 456 2976; x_wconf 84' lang='lat' dir='ltr'><strong>terga</strong></span> <span class='ocrx_word' id='word_1_145' title='bbox 476 2911 563 2975; x_wconf 90' lang='lat' dir='ltr'><strong>premi</strong></span> <span class='ocrx_word' id='word_1_146' title='bbox 581 2914 609 2960; x_wconf 81' lang='lat' dir='ltr'><strong>ai</strong></span> <span class='ocrx_word' id='word_1_147' title='bbox 626 2911 730 2975; x_wconf 88' lang='lat' dir='ltr'><strong>spumis</strong></span> <span class='ocrx_word' id='word_1_148' title='bbox 748 2912 846 2976; x_wconf 83' lang='lat' dir='ltr'><strong>auriga</strong></span> <span class='ocrx_word' id='word_1_149' title='bbox 864 2910 1004 2964; x_wconf 85' lang='lat' dir='ltr'><strong>calescere</strong></span> <span class='ocrx_word' id='word_1_150' title='bbox 1023 2912 1109 2963; x_wconf 86' lang='lat' dir='ltr'><strong>sentit</strong></span> 
     </span>
    </p>

    <p class='ocr_par' dir='ltr' id='par_1_7' title="bbox 51 2978 1239 3114">
     <span class='ocr_line' id='line_1_25' title="bbox 51 2978 1239 3047; baseline 0.001 -17"><span class='ocrx_word' id='word_1_151' title='bbox 51 3041 54 3047; x_wconf 30' lang='grc' dir='ltr'>Ι</span> <span class='ocrx_word' id='word_1_152' title='bbox 160 2981 211 3031; x_wconf 86' lang='grc'><strong>604</strong></span> <span class='ocrx_word' id='word_1_153' title='bbox 232 2981 271 3032; x_wconf 84' lang='lat' dir='ltr'><strong>cf.</strong></span> <span class='ocrx_word' id='word_1_154' title='bbox 285 2978 455 3044; x_wconf 83' lang='lat' dir='ltr'><strong>Apollinaris</strong></span> <span class='ocrx_word' id='word_1_155' title='bbox 474 2978 566 3028; x_wconf 80' lang='lat' dir='ltr'><strong>Sidon.</strong></span> <span class='ocrx_word' id='word_1_156' title='bbox 586 2989 667 3028; x_wconf 81' lang='lat' dir='ltr'><strong>carm.</strong></span> <span class='ocrx_word' id='word_1_157' title='bbox 686 2979 709 3027; x_wconf 91' lang='lat' dir='ltr'>V</span> <span class='ocrx_word' id='word_1_158' title='bbox 723 2979 959 3043; x_wconf 71' lang='grc' dir='ltr'><strong>165,“16.1616.ν.</strong></span> <span class='ocrx_word' id='word_1_159' title='bbox 973 2982 1022 3030; x_wconf 88' lang='grc'><strong>173</strong></span> <span class='ocrx_word' id='word_1_160' title='bbox 1039 2980 1160 3044; x_wconf 85' lang='lat' dir='ltr'><strong>flatuque</strong></span> <span class='ocrx_word' id='word_1_161' title='bbox 1178 2996 1239 3045; x_wconf 88' lang='lat' dir='ltr'><strong>pro-</strong></span> 
     </span>
     <span class='ocr_line' id='line_1_26' title="bbox 100 3045 1239 3114; baseline 0.006 -21"><span class='ocrx_word' id='word_1_162' title='bbox 100 3045 197 3111; x_wconf 89' lang='lat' dir='ltr'><strong>pinquo</strong></span> <span class='ocrx_word' id='word_1_163' title='bbox 220 3061 339 3114; x_wconf 85' lang='lat' dir='ltr'><strong>pressus</strong></span> <span class='ocrx_word' id='word_1_164' title='bbox 367 3045 474 3111; x_wconf 82' lang='lat' dir='ltr'><strong>(scilieet</strong></span> <span class='ocrx_word' id='word_1_165' title='bbox 501 3045 701 3111; x_wconf 82' lang='lat' dir='ltr'><strong>Hippomenes)</strong></span> <span class='ocrx_word' id='word_1_166' title='bbox 728 3048 757 3096; x_wconf 91' lang='lat' dir='ltr'><strong>in</strong></span> <span class='ocrx_word' id='word_1_167' title='bbox 785 3046 881 3098; x_wconf 84' lang='lat' dir='ltr'><strong>hostili</strong></span> <span class='ocrx_word' id='word_1_168' title='bbox 912 3049 968 3098; x_wconf 89' lang='lat' dir='ltr'><strong>iam</strong></span> <span class='ocrx_word' id='word_1_169' title='bbox 991 3053 1114 3099; x_wconf 87' lang='lat' dir='ltr'><strong>curreret</strong></span> <span class='ocrx_word' id='word_1_170' title='bbox 1141 3049 1239 3100; x_wconf 84' lang='lat' dir='ltr'><strong>anxius</strong></span> 
     </span>
    </p>

    <p class='ocr_par' dir='ltr' id='par_1_8' title="bbox 99 3113 1237 3178">
     <span class='ocr_line' id='line_1_27' title="bbox 99 3113 1237 3178; baseline 0.004 -16"><span class='ocrx_word' id='word_1_171' title='bbox 99 3116 190 3165; x_wconf 83' lang='lat' dir='ltr'><strong>umbra</strong></span> <span class='ocrx_word' id='word_1_172' title='bbox 263 3116 314 3165; x_wconf 93' lang='grc'><strong>607</strong></span> <span class='ocrx_word' id='word_1_173' title='bbox 334 3129 373 3178; x_wconf 89' lang='lat' dir='ltr'><strong>sq.</strong></span> <span class='ocrx_word' id='word_1_174' title='bbox 392 3114 421 3164; x_wconf 85' lang='lat' dir='ltr'><strong>‘a</strong></span> <span class='ocrx_word' id='word_1_175' title='bbox 434 3115 540 3164; x_wconf 86' lang='lat' dir='ltr'><strong>vertice</strong></span> <span class='ocrx_word' id='word_1_176' title='bbox 560 3152 566 3165; x_wconf 93' lang='lat'><em>.</em></span> <span class='ocrx_word' id='word_1_177' title='bbox 585 3113 744 3165; x_wconf 76' lang='lat' dir='ltr'><strong>‚Arcados’</strong></span> <span class='ocrx_word' id='word_1_178' title='bbox 765 3115 850 3165; x_wconf 83' lang='lat' dir='ltr'><strong>schol.</strong></span> <span class='ocrx_word' id='word_1_179' title='bbox 869 3115 957 3170; x_wconf 83' lang='lat' dir='ltr'><strong>Theb.</strong></span> <span class='ocrx_word' id='word_1_180' title='bbox 969 3115 1008 3168; x_wconf 90' lang='lat' dir='ltr'><strong>VI</strong></span> <span class='ocrx_word' id='word_1_181' title='bbox 1025 3117 1075 3167; x_wconf 85' lang='grc'><strong>603</strong></span> <span class='ocrx_word' id='word_1_182' title='bbox 1132 3118 1181 3168; x_wconf 86' lang='grc'><strong>612</strong></span> <span class='ocrx_word' id='word_1_183' title='bbox 1200 3118 1237 3167; x_wconf 85' lang='lat' dir='ltr'><strong>of.</strong></span> 
     </span>
    </p>

    <p class='ocr_par' dir='ltr' id='par_1_9' title="bbox 100 3179 1059 3249">
     <span class='ocr_line' id='line_1_28' title="bbox 100 3179 1059 3249; baseline 0.005 -20"><span class='ocrx_word' id='word_1_184' title='bbox 100 3179 175 3236; x_wconf 82' lang='lat' dir='ltr'><strong>Ouid.</strong></span> <span class='ocrx_word' id='word_1_185' title='bbox 194 3189 263 3237; x_wconf 86' lang='lat' dir='ltr'><strong>met.</strong></span> <span class='ocrx_word' id='word_1_186' title='bbox 285 3182 364 3233; x_wconf 77' lang='lat'><strong>1529</strong></span> <span class='ocrx_word' id='word_1_187' title='bbox 384 3188 413 3232; x_wconf 85' lang='lat' dir='ltr'><strong>et</strong></span> <span class='ocrx_word' id='word_1_188' title='bbox 430 3181 499 3232; x_wconf 86' lang='lat' dir='ltr'><strong>levis</strong></span> <span class='ocrx_word' id='word_1_189' title='bbox 516 3181 639 3247; x_wconf 84' lang='lat' dir='ltr'><strong>inpulsos</strong></span> <span class='ocrx_word' id='word_1_190' title='bbox 657 3187 732 3233; x_wconf 89' lang='lat' dir='ltr'><strong>retro</strong></span> <span class='ocrx_word' id='word_1_191' title='bbox 751 3183 836 3233; x_wconf 84' lang='lat' dir='ltr'><strong>dabat</strong></span> <span class='ocrx_word' id='word_1_192' title='bbox 854 3197 922 3234; x_wconf 84' lang='lat' dir='ltr'><strong>aura</strong></span> <span class='ocrx_word' id='word_1_193' title='bbox 941 3183 1059 3249; x_wconf 86' lang='lat' dir='ltr'><strong>capillos</strong></span> 
     </span>
    </p>
   </div>
   <div class='ocr_carea' id='block_1_6' title="bbox 96 3353 1262 4520">
    <p class='ocr_par' dir='ltr' id='par_1_10' title="bbox 96 3353 343 3398">
     <span class='ocr_line' id='line_1_29' title="bbox 96 3353 343 3398; baseline 0 -3"><span class='ocrx_word' id='word_1_194' title='bbox 96 3353 190 3398; x_wconf 72' lang='lat' dir='ltr'><strong>vauro</strong></span> <span class='ocrx_word' id='word_1_195' title='bbox 212 3354 343 3398; x_wconf 68' lang='lat' dir='ltr'><strong>sucuro.</strong></span> 
     </span>
    </p>

    <p class='ocr_par' dir='ltr' id='par_1_11' title="bbox 97 3417 1262 4520">
     <span class='ocr_line' id='line_1_30' title="bbox 180 3417 1239 3503; baseline 0.003 -19"><span class='ocrx_word' id='word_1_196' title='bbox 180 3425 244 3484; x_wconf 86' lang='grc'><strong>604</strong></span> <span class='ocrx_word' id='word_1_197' title='bbox 260 3440 355 3480; x_wconf 89' lang='lat' dir='ltr'><strong>umero</strong></span> <span class='ocrx_word' id='word_1_198' title='bbox 370 3425 423 3480; x_wconf 90' lang='lat' dir='ltr'><strong>PB</strong></span> <span class='ocrx_word' id='word_1_199' title='bbox 479 3424 592 3480; x_wconf 90' lang='lat' dir='ltr'><strong>humero</strong></span> <span class='ocrx_word' id='word_1_200' title='bbox 607 3424 641 3480; x_wconf 90' lang='lat' dir='ltr'><em>M</em></span> <span class='ocrx_word' id='word_1_201' title='bbox 687 3426 815 3481; x_wconf 81' lang='lat' dir='ltr'><strong>humeros</strong></span> <span class='ocrx_word' id='word_1_202' title='bbox 826 3444 853 3480; x_wconf 88' lang='lat' dir='ltr'><strong>m</strong></span> <span class='ocrx_word' id='word_1_203' title='bbox 873 3417 884 3502; x_wconf 95' lang='grc'><strong>11</strong></span> <span class='ocrx_word' id='word_1_204' title='bbox 905 3421 1011 3503; x_wconf 90' lang='lat' dir='ltr'><strong>umbra]</strong></span> <span class='ocrx_word' id='word_1_205' title='bbox 1032 3442 1096 3482; x_wconf 89' lang='lat' dir='ltr'><strong>aura</strong></span> <span class='ocrx_word' id='word_1_206' title='bbox 1109 3427 1239 3486; x_wconf 80' lang='lat' dir='ltr'><strong>Kocdius</strong></span> 
     </span>
     <span class='ocr_line' id='line_1_31' title="bbox 97 3509 1237 3584; baseline 0.008 -23"><span class='ocrx_word' id='word_1_207' title='bbox 97 3512 158 3565; x_wconf 85' lang='lat' dir='ltr'><strong>coll.</strong></span> <span class='ocrx_word' id='word_1_208' title='bbox 180 3530 207 3568; x_wconf 86' lang='lat' dir='ltr'><strong>v.</strong></span> <span class='ocrx_word' id='word_1_209' title='bbox 230 3509 306 3567; x_wconf 88' lang='grc'><strong>439.</strong></span> <span class='ocrx_word' id='word_1_210' title='bbox 346 3511 400 3564; x_wconf 86' lang='lat' dir='ltr'><strong>sed</strong></span> <span class='ocrx_word' id='word_1_211' title='bbox 423 3517 499 3584; x_wconf 84' lang='lat' dir='ltr'><strong>terga</strong></span> <span class='ocrx_word' id='word_1_212' title='bbox 520 3509 613 3566; x_wconf 89' lang='lat' dir='ltr'><strong>umbra</strong></span> <span class='ocrx_word' id='word_1_213' title='bbox 637 3525 759 3584; x_wconf 89' lang='lat' dir='ltr'><strong>premere</strong></span> <span class='ocrx_word' id='word_1_214' title='bbox 787 3517 829 3566; x_wconf 82' lang='lat' dir='ltr'><strong>est</strong></span> <span class='ocrx_word' id='word_1_215' title='bbox 854 3512 940 3582; x_wconf 84' lang='lat' dir='ltr'><strong>idem,</strong></span> <span class='ocrx_word' id='word_1_216' title='bbox 969 3512 1046 3584; x_wconf 84' lang='lat' dir='ltr'><strong>quod</strong></span> <span class='ocrx_word' id='word_1_217' title='bbox 1064 3511 1237 3578; x_wconf 88' lang='lat' dir='ltr'><strong>obumbrare;</strong></span> 
     </span>
     <span class='ocr_line' id='line_1_32' title="bbox 99 3591 1239 3675; baseline 0.01 -30"><span class='ocrx_word' id='word_1_218' title='bbox 99 3598 155 3648; x_wconf 88' lang='lat' dir='ltr'><strong>tum</strong></span> <span class='ocrx_word' id='word_1_219' title='bbox 174 3611 274 3668; x_wconf 81' lang='lat' dir='ltr'><strong>prope</strong></span> <span class='ocrx_word' id='word_1_220' title='bbox 299 3614 317 3650; x_wconf 87' lang='lat' dir='ltr'><strong>a</strong></span> <span class='ocrx_word' id='word_1_221' title='bbox 341 3594 564 3666; x_wconf 79' lang='lat' dir='ltr'><strong>Parthenopaeo</strong></span> <span class='ocrx_word' id='word_1_222' title='bbox 589 3598 721 3651; x_wconf 84' lang='lat' dir='ltr'><strong>cucurrit</strong></span> <span class='ocrx_word' id='word_1_223' title='bbox 746 3595 825 3651; x_wconf 78' lang='lat' dir='ltr'><strong>Idae.</strong></span> <span class='ocrx_word' id='word_1_224' title='bbox 923 3596 983 3654; x_wconf 92' lang='grc'><strong>606</strong></span> <span class='ocrx_word' id='word_1_225' title='bbox 1008 3595 1153 3653; x_wconf 84' lang='lat' dir='ltr'><strong>Phedimul</strong></span> <span class='ocrx_word' id='word_1_226' title='bbox 1174 3591 1239 3675; x_wconf 72' lang='grc'><strong>[61</strong></span> 
     </span>
     <span class='ocr_line' id='line_1_33' title="bbox 99 3673 1237 3760; baseline 0.009 -31"><span class='ocrx_word' id='word_1_227' title='bbox 99 3674 180 3734; x_wconf 90' lang='lat' dir='ltr'><strong>dimal</strong></span> <span class='ocrx_word' id='word_1_228' title='bbox 189 3681 225 3753; x_wconf 84' lang='lat' dir='ltr'><strong>fc</strong></span> <span class='ocrx_word' id='word_1_229' title='bbox 241 3673 255 3760; x_wconf 95' lang='grc'><strong>11</strong></span> <span class='ocrx_word' id='word_1_230' title='bbox 271 3680 383 3735; x_wconf 90' lang='lat' dir='ltr'><strong>inminet</strong></span> <span class='ocrx_word' id='word_1_231' title='bbox 398 3679 426 3734; x_wconf 92' lang='lat' dir='ltr'><em>B</em></span> <span class='ocrx_word' id='word_1_232' title='bbox 496 3679 556 3736; x_wconf 90' lang='grc'><strong>607</strong></span> <span class='ocrx_word' id='word_1_233' title='bbox 572 3680 676 3754; x_wconf 66' lang='lat' dir='ltr'><strong>uertice</strong></span> <span class='ocrx_word' id='word_1_234' title='bbox 691 3680 719 3735; x_wconf 92' lang='lat' dir='ltr'><em>B</em></span> <span class='ocrx_word' id='word_1_235' title='bbox 788 3679 848 3738; x_wconf 90' lang='grc'><strong>608</strong></span> <span class='ocrx_word' id='word_1_236' title='bbox 864 3680 1001 3737; x_wconf 85' lang='lat' dir='ltr'><strong>Archadol</strong></span> <span class='ocrx_word' id='word_1_237' title='bbox 1014 3697 1030 3736; x_wconf 88' lang='lat' dir='ltr'><strong>e</strong></span> <span class='ocrx_word' id='word_1_238' title='bbox 1101 3682 1161 3740; x_wconf 88' lang='grc'><strong>609</strong></span> <span class='ocrx_word' id='word_1_239' title='bbox 1179 3685 1237 3758; x_wconf 82' lang='lat' dir='ltr'><strong>ogi·</strong></span> 
     </span>
     <span class='ocr_line' id='line_1_34' title="bbox 101 3759 1238 3847; baseline 0.007 -32"><span class='ocrx_word' id='word_1_240' title='bbox 101 3762 181 3836; x_wconf 72' lang='lat' dir='ltr'><strong>giaf</strong></span> <span class='ocrx_word' id='word_1_241' title='bbox 273 3765 335 3822; x_wconf 91' lang='grc'><strong>610</strong></span> <span class='ocrx_word' id='word_1_242' title='bbox 355 3763 536 3837; x_wconf 76' lang='lat' dir='ltr'><strong>Nequidquam</strong></span> <span class='ocrx_word' id='word_1_243' title='bbox 557 3783 584 3819; x_wconf 88' lang='lat' dir='ltr'><strong>m</strong></span> <span class='ocrx_word' id='word_1_244' title='bbox 670 3764 728 3821; x_wconf 91' lang='grc'><strong>611</strong></span> <span class='ocrx_word' id='word_1_245' title='bbox 756 3765 902 3839; x_wconf 75' lang='lat' dir='ltr'><strong>intergaf</strong></span> <span class='ocrx_word' id='word_1_246' title='bbox 983 3765 1043 3824; x_wconf 91' lang='grc'><strong>612</strong></span> <span class='ocrx_word' id='word_1_247' title='bbox 1065 3767 1173 3840; x_wconf 88' lang='lat' dir='ltr'><strong>zepheri</strong></span> <span class='ocrx_word' id='word_1_248' title='bbox 1191 3769 1213 3843; x_wconf 76' lang='lat' dir='ltr'><em>f</em></span> <span class='ocrx_word' id='word_1_249' title='bbox 1228 3759 1238 3847; x_wconf 95' lang='grc'><strong>11</strong></span> 
     </span>
     <span class='ocr_line' id='line_1_35' title="bbox 100 3843 1262 3922; baseline 0.009 -23"><span class='ocrx_word' id='word_1_250' title='bbox 100 3843 150 3900; x_wconf 86' lang='lat' dir='ltr'><strong>luit</strong></span> <span class='ocrx_word' id='word_1_251' title='bbox 165 3867 191 3920; x_wconf 76' lang='lat' dir='ltr'><strong>r,</strong></span> <span class='ocrx_word' id='word_1_252' title='bbox 207 3851 285 3906; x_wconf 83' lang='lat' dir='ltr'><strong>unde</strong></span> <span class='ocrx_word' id='word_1_253' title='bbox 300 3849 450 3906; x_wconf 84' lang='lat' dir='ltr'><strong>Bentleius</strong></span> <span class='ocrx_word' id='word_1_254' title='bbox 466 3851 587 3906; x_wconf 80' lang='lat' dir='ltr'><strong>coniecit</strong></span> <span class='ocrx_word' id='word_1_255' title='bbox 602 3847 663 3905; x_wconf 87' lang='lat' dir='ltr'><strong>iluit</strong></span> <span class='ocrx_word' id='word_1_256' title='bbox 678 3847 729 3922; x_wconf 86' lang='lat' dir='ltr'><strong>(ef.</strong></span> <span class='ocrx_word' id='word_1_257' title='bbox 746 3850 882 3920; x_wconf 82' lang='lat' dir='ltr'><strong>Propert.</strong></span> <span class='ocrx_word' id='word_1_258' title='bbox 897 3849 960 3922; x_wconf 89' lang='lat'>113,</span> <span class='ocrx_word' id='word_1_259' title='bbox 975 3850 1013 3908; x_wconf 86' lang='lat'><strong>13</strong></span> <span class='ocrx_word' id='word_1_260' title='bbox 1029 3848 1094 3907; x_wconf 81' lang='lat' dir='ltr'><strong>‘nee</strong></span> <span class='ocrx_word' id='word_1_261' title='bbox 1109 3853 1144 3908; x_wconf 88' lang='lat' dir='ltr'><strong>de</strong></span> <span class='ocrx_word' id='word_1_262' title='bbox 1159 3869 1237 3911; x_wconf 87' lang='lat' dir='ltr'><strong>more</strong></span> <span class='ocrx_word' id='word_1_263' title='bbox 1255 3885 1262 3894; x_wconf 87' lang='lat'>-</span> 
     </span>
     <span class='ocr_line' id='line_1_36' title="bbox 101 3930 1237 4018; baseline 0.01 -35"><span class='ocrx_word' id='word_1_264' title='bbox 101 3946 197 3988; x_wconf 83' lang='lat' dir='ltr'><strong>comae</strong></span> <span class='ocrx_word' id='word_1_265' title='bbox 210 3952 269 4006; x_wconf 86' lang='lat' dir='ltr'><strong>per</strong></span> <span class='ocrx_word' id='word_1_266' title='bbox 281 3937 356 3991; x_wconf 83' lang='lat' dir='ltr'><strong>levio</strong></span> <span class='ocrx_word' id='word_1_267' title='bbox 372 3937 447 3992; x_wconf 84' lang='lat' dir='ltr'><strong>colle</strong></span> <span class='ocrx_word' id='word_1_268' title='bbox 459 3933 607 4007; x_wconf 77' lang='lat' dir='ltr'><strong>fluentes’)</strong></span> <span class='ocrx_word' id='word_1_269' title='bbox 656 3933 727 4008; x_wconf 85' lang='lat' dir='ltr'><strong>iugit</strong></span> <span class='ocrx_word' id='word_1_270' title='bbox 743 3935 831 3991; x_wconf 89' lang='lat' dir='ltr'><strong>PBM</strong></span> <span class='ocrx_word' id='word_1_271' title='bbox 843 3937 906 3992; x_wconf 87' lang='lat' dir='ltr'><strong>edd.</strong></span> <span class='ocrx_word' id='word_1_272' title='bbox 992 3935 1052 3994; x_wconf 90' lang='grc'><strong>613</strong></span> <span class='ocrx_word' id='word_1_273' title='bbox 1067 3936 1172 4010; x_wconf 90' lang='lat' dir='ltr'><strong>inpedit</strong></span> <span class='ocrx_word' id='word_1_274' title='bbox 1187 3939 1215 3994; x_wconf 99' lang='grc' dir='ltr'><em>Β</em></span> <span class='ocrx_word' id='word_1_275' title='bbox 1228 3930 1237 4018; x_wconf 95' lang='grc'><strong>11</strong></span> 
     </span>
     <span class='ocr_line' id='line_1_37' title="bbox 102 4015 1161 4092; baseline 0.01 -25"><span class='ocrx_word' id='word_1_276' title='bbox 102 4015 251 4074; x_wconf 86' lang='lat' dir='ltr'><strong>ostenditur</strong></span> <span class='ocrx_word' id='word_1_277' title='bbox 267 4036 312 4076; x_wconf 88' lang='lat' dir='ltr'><strong>em</strong></span> <span class='ocrx_word' id='word_1_278' title='bbox 398 4017 459 4077; x_wconf 88' lang='grc'><strong>614</strong></span> <span class='ocrx_word' id='word_1_279' title='bbox 474 4018 648 4076; x_wconf 88' lang='lat' dir='ltr'><strong>adcommoda</strong></span> <span class='ocrx_word' id='word_1_280' title='bbox 663 4019 711 4092; x_wconf 82' lang='lat' dir='ltr'><strong>Bf</strong></span> <span class='ocrx_word' id='word_1_281' title='bbox 720 4019 793 4077; x_wconf 78' lang='lat' dir='ltr'><strong>Boo.</strong></span> <span class='ocrx_word' id='word_1_282' title='bbox 811 4018 839 4075; x_wconf 87' lang='lat'><strong>1.</strong></span> <span class='ocrx_word' id='word_1_283' title='bbox 856 4018 874 4074; x_wconf 93' lang='grc'><strong>2</strong></span> <span class='ocrx_word' id='word_1_284' title='bbox 918 4020 1088 4077; x_wconf 88' lang='lat' dir='ltr'><strong>accommoda</strong></span> <span class='ocrx_word' id='word_1_285' title='bbox 1103 4021 1161 4078; x_wconf 91' lang='lat' dir='ltr'><strong>PM</strong></span> 
     </span>
     <span class='ocr_line' id='line_1_38' title="bbox 102 4097 1236 4182; baseline 0.013 -29"><span class='ocrx_word' id='word_1_286' title='bbox 102 4097 159 4156; x_wconf 91' lang='grc'><strong>616</strong></span> <span class='ocrx_word' id='word_1_287' title='bbox 174 4101 381 4177; x_wconf 78' lang='lat' dir='ltr'><strong>parthenopeus</strong></span> <span class='ocrx_word' id='word_1_288' title='bbox 393 4102 465 4177; x_wconf 86' lang='lat' dir='ltr'><strong>PBf</strong></span> <span class='ocrx_word' id='word_1_289' title='bbox 502 4102 725 4178; x_wconf 88' lang='lat' dir='ltr'><strong>Parthonopaeul</strong></span> <span class='ocrx_word' id='word_1_290' title='bbox 739 4110 815 4162; x_wconf 80' lang='lat' dir='ltr'><strong>unrc&#39;r</strong></span> <span class='ocrx_word' id='word_1_291' title='bbox 829 4103 916 4161; x_wconf 57' lang='lat' dir='ltr'><strong>Belo(</strong></span> <span class='ocrx_word' id='word_1_292' title='bbox 989 4104 1048 4163; x_wconf 93' lang='grc'><strong>617</strong></span> <span class='ocrx_word' id='word_1_293' title='bbox 1064 4105 1146 4180; x_wconf 80' lang='lat' dir='ltr'><strong>longe</strong></span> <span class='ocrx_word' id='word_1_294' title='bbox 1161 4109 1236 4182; x_wconf 78' lang='lat' dir='ltr'><strong>Prsc</strong></span> 
     </span>
     <span class='ocr_line' id='line_1_39' title="bbox 102 4172 1237 4266; baseline 0.01 -28"><span class='ocrx_word' id='word_1_295' title='bbox 102 4172 109 4257; x_wconf 95' lang='grc'><strong>11</strong></span> <span class='ocrx_word' id='word_1_296' title='bbox 129 4183 214 4242; x_wconf 88' lang='lat' dir='ltr'><strong>hostia</strong></span> <span class='ocrx_word' id='word_1_297' title='bbox 230 4190 258 4245; x_wconf 94' lang='grc' dir='ltr'><em>Β</em></span> <span class='ocrx_word' id='word_1_298' title='bbox 278 4182 289 4266; x_wconf 95' lang='grc'><strong>11</strong></span> <span class='ocrx_word' id='word_1_299' title='bbox 312 4183 419 4264; x_wconf 87' lang='lat' dir='ltr'><strong>partae]</strong></span> <span class='ocrx_word' id='word_1_300' title='bbox 436 4196 521 4245; x_wconf 89' lang='lat' dir='ltr'><strong>metae</strong></span> <span class='ocrx_word' id='word_1_301' title='bbox 536 4208 562 4245; x_wconf 90' lang='lat' dir='ltr'><strong>m</strong></span> <span class='ocrx_word' id='word_1_302' title='bbox 660 4188 720 4246; x_wconf 85' lang='grc'><strong>618</strong></span> <span class='ocrx_word' id='word_1_303' title='bbox 736 4188 871 4245; x_wconf 83' lang='lat' dir='ltr'><strong>Archades</strong></span> <span class='ocrx_word' id='word_1_304' title='bbox 885 4207 901 4246; x_wconf 87' lang='lat' dir='ltr'><strong>e</strong></span> <span class='ocrx_word' id='word_1_305' title='bbox 993 4209 1035 4248; x_wconf 86' lang='lat' dir='ltr'><strong>ov.</strong></span> <span class='ocrx_word' id='word_1_306' title='bbox 1055 4190 1114 4249; x_wconf 88' lang='grc'><strong>619</strong></span> <span class='ocrx_word' id='word_1_307' title='bbox 1131 4199 1158 4248; x_wconf 89' lang='lat' dir='ltr'><strong>et</strong></span> <span class='ocrx_word' id='word_1_308' title='bbox 1174 4194 1237 4255; x_wconf 90' lang='grc'><strong>620</strong></span> 
     </span>
     <span class='ocr_line' id='line_1_40' title="bbox 102 4269 1236 4355; baseline 0.013 -35"><span class='ocrx_word' id='word_1_309' title='bbox 102 4269 213 4328; x_wconf 83' lang='lat' dir='ltr'><strong>inverso</strong></span> <span class='ocrx_word' id='word_1_310' title='bbox 236 4277 336 4331; x_wconf 80' lang='lat' dir='ltr'><strong>ordine</strong></span> <span class='ocrx_word' id='word_1_311' title='bbox 356 4278 459 4347; x_wconf 84' lang='lat' dir='ltr'><strong>scripti</strong></span> <span class='ocrx_word' id='word_1_312' title='bbox 472 4281 538 4330; x_wconf 81' lang='lat' dir='ltr'><strong>suot</strong></span> <span class='ocrx_word' id='word_1_313' title='bbox 552 4278 582 4330; x_wconf 85' lang='lat' dir='ltr'><strong>in</strong></span> <span class='ocrx_word' id='word_1_314' title='bbox 596 4290 619 4329; x_wconf 82' lang='lat' dir='ltr'><strong>rr</strong></span> <span class='ocrx_word' id='word_1_315' title='bbox 634 4282 661 4331; x_wconf 86' lang='lat' dir='ltr'><strong>ct</strong></span> <span class='ocrx_word' id='word_1_316' title='bbox 681 4292 738 4332; x_wconf 85' lang='lat' dir='ltr'><strong>uno</strong></span> <span class='ocrx_word' id='word_1_317' title='bbox 754 4275 826 4331; x_wconf 80' lang='lat' dir='ltr'><strong>Bet.</strong></span> <span class='ocrx_word' id='word_1_318' title='bbox 900 4274 962 4334; x_wconf 94' lang='grc'><strong>620</strong></span> <span class='ocrx_word' id='word_1_319' title='bbox 975 4276 1121 4332; x_wconf 87' lang='lat' dir='ltr'><strong>intendunt</strong></span> <span class='ocrx_word' id='word_1_320' title='bbox 1136 4281 1210 4346; x_wconf 80' lang='lat' dir='ltr'><strong>Dan.</strong></span> <span class='ocrx_word' id='word_1_321' title='bbox 1227 4272 1236 4355; x_wconf 96' lang='grc'><strong>11</strong></span> 
     </span>
     <span class='ocr_line' id='line_1_41' title="bbox 105 4349 1236 4437; baseline 0.015 -34"><span class='ocrx_word' id='word_1_322' title='bbox 105 4349 259 4414; x_wconf 88' lang='lat' dir='ltr'><strong>deleeudere</strong></span> <span class='ocrx_word' id='word_1_323' title='bbox 270 4359 353 4416; x_wconf 78' lang='lat' dir='ltr'><strong>Buri.</strong></span> <span class='ocrx_word' id='word_1_324' title='bbox 420 4358 540 4427; x_wconf 65' lang='grc'><strong>621166</strong></span> <span class='ocrx_word' id='word_1_325' title='bbox 551 4358 578 4413; x_wconf 90' lang='lat' dir='ltr'><strong>P</strong></span> <span class='ocrx_word' id='word_1_326' title='bbox 592 4352 603 4437; x_wconf 95' lang='grc'><strong>11</strong></span> <span class='ocrx_word' id='word_1_327' title='bbox 619 4354 740 4435; x_wconf 80' lang='lat' dir='ltr'><strong>regesta]</strong></span> <span class='ocrx_word' id='word_1_328' title='bbox 756 4361 855 4416; x_wconf 84' lang='lat' dir='ltr'><strong>reiecta</strong></span> <span class='ocrx_word' id='word_1_329' title='bbox 870 4377 946 4417; x_wconf 81' lang='lat' dir='ltr'><strong>unus</strong></span> <span class='ocrx_word' id='word_1_330' title='bbox 958 4363 1031 4419; x_wconf 77' lang='lat' dir='ltr'><strong>Bet.</strong></span> <span class='ocrx_word' id='word_1_331' title='bbox 1098 4362 1157 4420; x_wconf 91' lang='grc'><strong>622</strong></span> <span class='ocrx_word' id='word_1_332' title='bbox 1173 4362 1236 4420; x_wconf 91' lang='lat' dir='ltr'><strong>Par·</strong></span> 
     </span>
     <span class='ocr_line' id='line_1_42' title="bbox 105 4434 1041 4520; baseline 0.014 -29"><span class='ocrx_word' id='word_1_333' title='bbox 105 4434 251 4515; x_wconf 86' lang='lat' dir='ltr'><strong>thenopeul</strong></span> <span class='ocrx_word' id='word_1_334' title='bbox 263 4444 308 4518; x_wconf 75' lang='lat' dir='ltr'><strong>Ps</strong></span> <span class='ocrx_word' id='word_1_335' title='bbox 344 4443 563 4519; x_wconf 79' lang='lat' dir='ltr'><strong>Partlraeuopeui</strong></span> <span class='ocrx_word' id='word_1_336' title='bbox 575 4444 603 4500; x_wconf 94' lang='grc' dir='ltr'><em>Β</em></span> <span class='ocrx_word' id='word_1_337' title='bbox 645 4443 867 4520; x_wconf 80' lang='lat' dir='ltr'><strong>Parthonopaeul</strong></span> <span class='ocrx_word' id='word_1_338' title='bbox 878 4461 954 4504; x_wconf 79' lang='lat' dir='ltr'><strong>unus</strong></span> <span class='ocrx_word' id='word_1_339' title='bbox 968 4447 1041 4504; x_wconf 79' lang='lat' dir='ltr'><strong>Belo.</strong></span> 
     </span>
    </p>
   </div>
   <div class='ocr_carea' id='block_1_7' title="bbox 0 0 1611 5176">
    <p class='ocr_par' dir='ltr' id='par_1_12' title="bbox 0 0 1611 5176">
     <span class='ocr_line' id='line_1_43' title="bbox 0 0 1611 5176; baseline 0 0"><span class='ocrx_word' id='word_1_340' title='bbox 0 0 1611 5176; x_wconf 95' lang='lat' dir='ltr'><strong> </strong></span> 
     </span>
    </p>
   </div>
  </div>
 </body>
</html>
