3202 5164
518 440 610 482 STATI
633 441 809 483 THEBAIDOS
834 445 844 484 1

191 615 289 674 fovisti
311 617 425 692 gremio
448 622 478 675 et
500 616 655 676 traiectum
679 615 799 677 vulnere
821 617 936 697 plantas

193 725 330 792 firmasti,
355 726 381 785 si
403 731 506 802 stagna
528 726 589 804 peti
613 725 753 786 Cirrhaea
774 727 892 788 bicorni

192 835 334 895 interfusa
356 837 440 912 iugo,
465 854 582 915 possem
605 854 672 896 cum
695 837 804 914 degere
829 836 903 898 salso

191 951 348 1006 contentus
370 944 496 1024 Polybo,
521 946 696 1024 trifidaeque
718 947 749 1007 in
771 941 918 1008 Phocidos
941 957 1004 1008 arto

189 1055 366 1133 longaevum
388 1055 521 1134 implicui
543 1074 642 1134 regem
665 1057 806 1134 secuique
828 1060 983 1118 trementis
1209 1065 1247 1122 65

191 1185 243 1226 ora
266 1166 362 1236 senis,
387 1165 456 1227 dum
481 1184 590 1243 quaero
613 1173 745 1246 patrem,
770 1169 796 1227 si
818 1168 966 1247 Sphingos
988 1155 1107 1246 iniquae

189 1275 312 1337 callidus
336 1275 475 1353 ambages
497 1285 527 1337 te
548 1284 805 1356 praemonstrante
828 1277 949 1349 resolvi,

188 1389 212 1446 si
236 1384 331 1447 dulcis
354 1387 447 1446 lorias
470 1393 499 1447 et
521 1385 709 1448 lamentabile
732 1390 835 1448 matris

188 1496 349 1556 conubium
371 1499 488 1574 gavisus
511 1499 554 1556 ini
578 1506 755 1575 noctemque
779 1497 934 1559 nefandam

188 1624 277 1685 saepe
301 1605 354 1666 tuli
376 1615 522 1686 natosque
546 1607 614 1677 tibi,
638 1609 694 1667 scis
716 1609 795 1686 ipsa,
818 1610 932 1686 paravi,

187 1736 255 1777 mox
278 1716 378 1778 avidus
400 1735 515 1796 poenae
538 1717 636 1794 digitis
659 1717 849 1778 caedentibus
873 1718 949 1779 ultro

187 1827 310 1888 incubui
333 1828 499 1906 miseraque
522 1825 625 1887 oculos
647 1829 677 1886 in
701 1835 795 1888 matre
821 1827 937 1908 reliqui.

186 1937 307 2005 exaudi,
332 1938 358 1996 si
381 1936 469 2015 digna
491 1954 599 2017 precor
623 1954 757 2016 quaeque
780 1939 843 2017 ipsa
866 1940 977 1999 furenti

187 2046 348 2107 subiceres
372 2047 477 2108 orbum
501 2049 564 2107 visu
586 2048 746 2127 regnisque
769 2056 922 2126 parentem

186 2175 246 2216 non
268 2175 375 2235 regere
397 2164 447 2217 aut
469 2157 554 2218 dictis
576 2166 758 2218 maerentem
781 2158 902 2218 flectere
925 2157 1030 2227 adorti,
1206 2164 1244 2220 75

186 2284 259 2344 quos
281 2270 372 2344 genui
395 2285 581 2348 quocumque
604 2275 686 2336 toro;
709 2269 780 2346 quin
804 2285 873 2329 ecee
896 2269 1019 2348 superbi

188 2376 253 2456 (pro
276 2376 385 2456 dolorll
410 2385 439 2437 et
460 2383 563 2437 nostro
586 2377 756 2440 iamdudum
779 2377 885 2440 funere
908 2396 1012 2456 reges·

102 2602 230 2644 Tusuns.
254 2601 425 2644 AVCTORES·
450 2602 651 2644 IMITATORES.

166 2683 198 2732 62
218 2681 257 2732 ‘si
343 2680 466 2732 bicorni'
485 2682 639 2733 scholidsta
657 2682 744 2734 Theb.
763 2683 816 2732 VII
835 2685 883 2733 347
957 2684 990 2732 64
1008 2699 1048 2747 sq.
1069 2682 1243 2747 ‘trifidaeque

97 2792 147 2804 ...
166 2748 276 2815 regem’
296 2750 447 2800 scholiasta
466 2750 553 2800 Theb.
576 2751 698 2801 V11344
767 2753 797 2801 71
817 2751 853 2800 of.
874 2750 982 2800 Seneca
1001 2750 1099 2814 Oedip.
1115 2753 1164 2799 961
1184 2766 1242 2815 sqq.

98 2819 219 2884 gemuit,
246 2823 274 2867 et
297 2818 384 2867 dirum
403 2818 522 2868 fremens
540 2833 637 2868 manus
659 2819 688 2867 in
706 2834 755 2868 ora
778 2821 871 2881 torsit,
896 2823 925 2867 nt
948 2824 1044 2868 contra
1063 2822 1153 2867 truces
1171 2818 1244 2867 oculi

98 2889 240 2936 steterunt
264 2889 292 2935 et
317 2901 393 2934 suam
411 2886 512 2935 intenti
534 2901 644 2935 manum
667 2885 739 2936 ultro
757 2886 952 2950 insequuntur,
971 2885 1079 2935 vulneri
1097 2890 1244 2934 occurrunt

97 2969 158 3018 suo,
179 2957 321 3003 serutatur
339 2953 436 3003 nvidus
449 2953 574 3004 menibus
591 2954 671 3004 uncis
686 2953 791 3003 lumina
860 2955 893 3003 74
906 2952 1013 3004 ‘orbum
1028 2990 1033 3000 .
1047 2989 1053 3000 .
1068 2991 1073 3003 .
1087 2951 1241 3018 perentem’

97 3021 185 3072 schol.
204 3021 291 3072 Theb.
311 3021 375 3072 156

96 3229 194 3272 VARIA
214 3228 339 3270 LEGTIO.

162 3347 199 3405 61
224 3349 304 3422 genio
328 3346 418 3420 (corr.
441 3351 471 3403 in
492 3347 607 3421 gremio)
621 3339 664 3426 sl}
681 3354 708 3404 et
724 3348 812 3420 conf
873 3347 911 3404 62
935 3348 1048 3420 cyrrhea
1069 3349 1096 3403 P
1117 3321 1195 3421 cyrrcl
1215 3350 1243 3402 B

96 3487 181 3541 cirrea
201 3500 235 3539 rc
256 3484 369 3558 cyreaf
435 3483 474 3539 63
489 3453 619 3561 iuglPll
634 3484 730 3556 possim
746 3473 852 3560 Brcsll
868 3443 1001 3556 legeres
1054 3480 1242 3555 64polipoB

95 3579 104 3663 ll
120 3583 263 3658 trisulequo
285 3577 450 3663 cll'locidol
469 3576 523 3663 ΡΗ
538 3574 622 3652 arto⁰⁰
637 3586 663 3640 P
687 3593 747 3641 artu
770 3582 858 3655 (corr.
883 3587 912 3638 in
941 3591 999 3638 arto
1023 3591 1050 3639 et
1072 3601 1159 3640 monn
1181 3586 1240 3639 alio

95 3675 126 3726 in
148 3689 239 3744 morp.
263 3671 389 3726 additum
412 3667 485 3742 arvo)
509 3686 524 3725 c
547 3687 608 3725 arcc
627 3688 677 3742 pm
743 3669 782 3726 66
807 3684 931 3742 queroc
997 3668 1035 3724 67
1061 3675 1143 3723 temet
1163 3685 1240 3724 mon-

94 3757 195 3809 strante
218 3752 304 3826 (mon.
328 3757 367 3810 ol.
384 3772 459 3811 corr.
483 3758 512 3810 in
535 3761 563 3809 tc
585 3752 826 3827 praemonstrante)
849 3770 865 3808 c
939 3752 978 3808 66
1002 3752 1088 3808 dulcis
1101 3753 1148 3825 Bs
1166 3754 1237 3810 Beb.

95 3839 189 3894 dulces
200 3839 261 3896 PM
350 3839 389 3895 69
412 3839 459 3894 inii
480 3839 553 3912 Ppm
570 3841 631 3895 edd.
719 3839 759 3896 70
781 3837 829 3893 tibi
851 3831 916 3914 sois]
949 3837 996 3892 tibi
1025 3843 1055 3892 ut
1077 3838 1162 3893 lcilc

96 3974 135 4031 71
152 3962 264 4046 au¹dlenl
284 3975 311 4030 P
334 3967 347 4052 ΙΙ
373 3991 461 4047 poene
482 3975 536 4030 PB
564 3990 648 4047 penae
672 3991 688 4029 c
709 3965 723 4052 ll
744 3972 902 4029 cedentibus
927 3972 972 4044 Ps
993 3973 1136 4028 Bortbins

96 4058 136 4115 72
157 4059 185 4113 in
207 4054 303 4137 matre]
327 4060 355 4114 iu
377 4067 465 4114 morte
487 4059 615 4116 loannes
628 4059 824 4132 Peyraredns,
847 4059 874 4112 in
897 4063 987 4110 mente
1009 4059 1073 4112 coll.
1095 4058 1180 4114 Tbeb.
1195 4058 1239 4112 llll

18 4153 19 4160 ’
96 4141 157 4200 542
186 4145 336 4201 Bentleius
443 4143 483 4199 74
505 4151 642 4200 carentem
663 4135 769 4217 Pc²r²y
793 4144 900 4205 Tem..
924 4140 1030 4213 Lnnp..
1053 4142 1159 4206 Luem,
1183 4144 1238 4198 dno

96 4243 160 4284 rnss.
184 4229 386 4301 lindenbrogii
464 4226 503 4284 75
527 4228 567 4300 cf.
591 4229 662 4285 Aen.
685 4227 706 4281 ll
729 4227 789 4282 317
870 4244 893 4279 v.
919 4223 957 4280 76
984 4226 1071 4281 Tour.
1093 4231 1239 4298 postponit

98 4316 193 4370 versui
214 4311 253 4369 77
274 4305 288 4392 ΙΙ
309 4307 381 4390 ecce]
413 4329 472 4368 arce
501 4316 594 4369 codex
622 4314 787 4370 Burmanni
898 4327 922 4363 o.
953 4309 992 4366 77
1020 4329 1077 4368 non
1110 4317 1239 4384 agnoscit

99 4398 238 4454 Bortbius
251 4399 395 4470 probante
410 4399 607 4454 Locdmonno.
621 4397 661 4469 cf.
683 4398 767 4452 Theb.
779 4395 823 4450 llll
840 4393 901 4451 614
912 4384 920 4472 ll
931 4395 1084 4452 iamdudum
1100 4396 1128 4473 ip
1143 4396 1238 4452 sunere

98 4483 123 4538 P
136 4482 162 4536 in
177 4482 270 4538 luncre
286 4483 377 4540 eene.
652 4496 655 4502 ’
