3202 5164
277 407 340 454 VIII
752 396 945 454 Pasanhrlo

276 560 354 624 mihi
376 560 668 646 suppeditantium),
697 559 728 622 id
749 559 839 642 'quod
860 559 1097 645 Prolegomenis
1122 559 1256 648 posthac
1278 559 1405 623 demon-

276 679 440 744 strandum
473 679 600 744 interim
632 682 794 763 tamquam
821 678 1070 743 demonstratum
1097 678 1277 763 praecipere
1303 677 1405 743 visum

277 801 338 863 est:
375 798 453 862 duas
468 797 646 862 Thebaidos
668 797 867 862 recensiones
884 798 948 861 iarn
963 800 1037 862 ante
1059 796 1247 862 scholiastae
1262 799 1406 880 tempora
1510 797 1512 802 ’

276 917 358 982 inter
380 938 413 982 se
435 917 650 1002 discrepantes
672 916 823 981 extitisse.

359 1036 492 1122 Singula
512 1036 674 1120 utriusque
702 1036 827 1122 generis
851 1037 994 1120 exempla
1015 1035 1097 1100 sicut
1118 1034 1248 1099 dubium
1269 1056 1336 1098 non
1358 1036 1407 1098 est

275 1157 352 1240 quin
366 1178 404 1220 ex
419 1177 577 1221 commum
569 1155 767 1219 litterarum
781 1154 872 1218 ruina
893 1157 981 1238 crept
982 1177 1000 1219 a
1014 1155 1064 1218 sin
1065 1156 1187 1238 tatque
1203 1156 1340 1237 servata,
1357 1153 1407 1217 ita

276 1281 426 1359 prospera
439 1275 567 1340 fortuna
589 1275 711 1340 factum
731 1276 793 1356 est,
815 1272 948 1337 utduas
964 1272 1086 1358 effigies
1101 1271 1174 1336 inde
1190 1293 1353 1356 expressas
1375 1274 1407 1336 et
1499 1244 1501 1252 ‚

275 1415 331 1458 suo
354 1415 509 1477 quamque
530 1393 700 1477 archetypo
723 1322 900 1456 simillimas
923 1391 1021 1456 oculis
1044 1413 1171 1456 cernere
1192 1391 1285 1455 nohis
1313 1389 1406 1455 hodie

276 1533 399 1597 quoque
421 1512 523 1576 liceat.

139 1649 216 1690 corax
232 1651 274 1690 ru·
360 1629 461 1696 Unius
493 1631 665 1717 imaginem
698 1630 826 1695 exhibet
858 1630 956 1695 codex
991 1630 1068 1694 olim
1083 1689 1085 1693 ,
1100 1628 1314 1713 Oorbeiensis,
1353 1629 1406 1713 qui

127 1719 220 1815 “inim
231 1717 266 1767 (Ρ)
276 1749 389 1815 deinde
423 1750 517 1814 cessit
548 1749 678 1815 Claudio
706 1749 862 1833 Puteano',
894 1771 979 1814 nunc
1006 1748 1135 1813 Parisiis
1163 1748 1345 1812 adservatur
1371 1748 1406 1812 in

275 1868 469 1933 bibliotheca
489 1868 645 1953 imperiali
667 1890 798 1934 numero
821 1867 902 1934 8051
926 1868 1112 1954 insignitus,
1135 1867 1170 1931 in
1190 1867 1250 1932 hac
1268 1867 1406 1932 editione

274 1990 404 2054 notatur
426 1988 531 2052 littera
546 1987 583 2055 P.
627 1989 789 2073 antiquam
812 1989 877 2053 eius
900 1988 1054 2074 originem
1077 2008 1148 2051 cum
1170 1986 1231 2050 alia
1251 1988 1407 2051 testantur

275 2110 343 2171 tum
365 2106 570 2191 subscriptio,
600 2129 678 2191 quae
706 2108 824 2194 legitur
845 2107 880 2171 in
900 2107 963 2172 fine
993 2107 1095 2191 quarti
1117 2104 1296 2171 Thebaidos
1318 2105 1405 2169 libri:

276 2225 422 2291 OODEX
448 2224 617 2290 IVLIANI
645 2225 749 2311 V(irc')
777 2225 995 2313 O(lcrrissimc'),
1027 2228 1186 2291 testantur
1216 2224 1342 2290 Servius
1371 2245 1407 2289 ac

140 2410 141 2415 ,
275 2344 469 2428 Priscianus,
498 2345 551 2428 qui
573 2344 719 2409 lectionis
741 2345 909 2409 varietates
931 2344 1081 2429 quasdam
1105 2343 1294 2409 confirmant
1314 2343 1406 2407 unius

275 2461 392 2527 codicis
413 2462 566 2527 Puteanei
587 2462 742 2547 proprias.
774 2462 858 2546 quod
880 2466 984 2528 autem
1006 2462 1085 2528 mihi
1108 2464 1247 2546 constat,
1269 2462 1404 2546 priorem

274 2580 357 2648 hanc
368 2579 545 2646 Thebaidos
560 2581 777 2680 recensionem
788 2580 882 2648 Statii
898 2581 1086 2647 scholiastae
1098 2581 1295 2668 incognitam
1309 2581 1406 2645 fuisso
1426 2653 1427 2656 Ἴ

274 2721 333 2765 neo
360 2699 456 2765 medii
478 2700 546 2765 aevi
576 2699 772 2766 scholasticis
801 2702 903 2765 totam
930 2701 1085 2785 patuisse,
1115 2723 1151 2766 ea
1172 2723 1206 2766 re
1233 2698 1311 2764 fides
1339 2700 1406 2764 eius

275 2822 407 2904 augetur
439 2822 590 2902 tantoque
623 2818 782 2903 puriorem
815 2818 961 2903 antiquae
996 2819 1143 2884 lectionis
1178 2819 1302 2884 fontem
1335 2841 1406 2884 eum

274 2938 465 3022 putabimus
1240 2920 1242 2931 ¹

227 3087 273 3152 ⁸.¹¹¹'
358 3057 498 3122 Alterius
513 3057 706 3122 recensionis
721 3058 797 3122 item
811 3057 989 3141 Prisciano,
1005 3060 1041 3122 ut
1054 3056 1191 3140 videtur,
1214 3061 1404 3141 compertae,
1465 3061 1466 3072 ’

196 3153 257 3183 ⁰¹¹⁸¹⁸
276 3197 337 3259 qua
358 3174 437 3240 duce
458 3199 533 3241 usus
555 3179 603 3241 est
624 3175 909 3248 vetusThebaidos
932 3178 1176 3259 commentator,
1199 3197 1299 3260 paene
1321 3182 1406 3260 prin·

275 3294 376 3378 cipem
404 3293 508 3359 dicere
528 3295 632 3380 possis
659 3295 775 3360 librum
796 3295 1063 3380 Bambergensem
1085 3293 1126 3359 N.
1150 3293 1205 3359 IV.
1231 3296 1283 3374 11,
1313 3316 1406 3378 quem

275 3412 418 3498 significo
440 3413 545 3479 littera
558 3415 599 3480 B.
642 3417 707 3479 tam
730 3417 849 3480 certum
872 3415 904 3477 et
924 3413 1084 3498 integrum
1107 3434 1140 3477 sc
1162 3413 1307 3497 praebuit
1328 3413 1406 3477 mihi
1440 3405 1443 3410 ¹

275 3532 404 3598 secundi
431 3534 557 3619 generis
585 3536 714 3616 testem,
742 3554 801 3597 nec
828 3532 996 3618 integrior,
1024 3532 1153 3616 opinor,
1183 3554 1331 3616 umquam
1359 3554 1405 3596 re*

273 3653 420 3734 perietur.

109 3789 181 3828 Vu
182 3788 247 3838 lant
358 3768 391 3834 si
423 3771 492 3855 quis
525 3770 653 3835 tertium
686 3769 842 3853 quoddam
871 3769 970 3835 variet
955 3770 1031 3834 tatis
1059 3790 1160 3854 genus
1187 3771 1238 3834 vel
1270 3770 1362 3855 plura
1388 3792 1407 3833 a

131 3925 153 3962 1
132 3855 264 3973 iim
273 3887 394 3952 duobus
422 3888 486 3954 illis
514 3889 636 3954 diversa
663 3910 704 3953 an
704 3877 837 3972 tiquitus
864 3888 981 3953 tradita
1009 3910 1077 3953 esse
1099 3887 1273 3972 existimet,
1302 3883 1431 3953 errare'

135 3991 185 4038 9¹10

155 4060 217 4108 ,M
219 4003 344 4100 feam
366 4029 549 4091 persuasum
576 4007 687 4073 habeo.
732 4029 842 4072 omnes
870 4007 954 4072 enim
977 3987 1102 4072 codices
1129 4029 1186 4091 per
1207 4006 1406 4072 Britanniam

219 4070 410 4190 Θ,ΘειΠὶειιη
425 4126 627 4192 Germaniam
649 4126 775 4192 Italiam
797 4126 950 4212 divulgat
940 4149 966 4210 1,
990 4126 1044 4211 qui
1066 4127 1139 4191 ante
1162 4101 1321 4191 saeculum
1343 4126 1406 4192 XII

274 4244 384 4328 scripti
399 4247 487 4327 sunt,
510 4268 550 4310 ne
566 4269 603 4311 eo
619 4245 746 4331 quidem
768 4248 914 4329 excepto,
937 4245 991 4329 qui
1013 4244 1281 4331 Bambergensem
1304 4247 1406 4310 aetate

273 4383 419 4446 superare
453 4363 568 4429 dicitur
600 4364 773 4449 Roffensis,
806 4363 943 4430 asseclae
977 4365 1052 4427 sunt
1079 4362 1324 4452 Bambergensis
1357 4363 1407 4431 vel
