3182 5172
514 425 804 474 STAT1‘''1'HEBAIDOS
826 433 847 473 V

199 600 254 642 nec
277 580 358 643 vultu
381 600 436 642 nec
459 583 541 642 crine
563 583 646 660 prior
668 580 789 642 solvisse
811 579 938 660 iugalem

199 699 299 754 ceston
323 699 352 752 et
374 691 477 754 ldalias
499 667 604 771 brocul
627 691 778 770 ablegasse
801 691 935 753 volucres

200 805 312 871 sertur;
337 811 419 863 erant
442 783 536 873 certe,
559 803 655 864 media
678 821 752 882 quae
775 804 870 864 noctis
892 804 922 862 in
947 802 1051 867 umbra

199 913 294 974 divam
317 912 389 974 alios
410 915 494 992 ignes
515 915 684 991 maioraque
707 911 765 977 tela
787 921 940 992 gerentem
1212 917 1250 974 65

198 1023 354 1085 Tartareas
376 1025 454 1084 inter
475 1022 611 1084 thalamis
632 1023 769 1085 volitasse
792 1027 911 1084 sorores

200 1132 365 1212 vulgarent;
391 1142 481 1212 utque
504 1133 654 1214 implicitis
677 1153 782 1195 arcana
805 1134 961 1195 domorum

198 1243 343 1322 anguibus
367 1251 396 1304 et
418 1262 502 1306 saeva
525 1244 683 1305 tormidine
705 1251 811 1306 cuncta
833 1243 957 1326 replevit

199 1354 300 1415 limina
323 1373 378 1416 nec
400 1353 451 1415 sadi
473 1354 614 1434 populum
638 1357 775 1416 miserata
798 1356 908 1425 mariti,

198 1466 335 1546 protinus
357 1485 373 1526 a
395 1465 507 1525 Lemno
529 1466 624 1525 teneri
646 1465 761 1542 sugistis
782 1465 922 1536 AmoreS,

172 1617 175 1624 ·
199 1584 300 1638 mutus
321 1576 435 1654 Hymen
458 1592 620 1653 versaeque
641 1576 720 1636 seces
742 1583 772 1636 et
793 1575 898 1655 srigida
920 1578 990 1636 iusti

199 1707 270 1748 cura
293 1675 366 1756 tori}
390 1685 488 1746 nullae
509 1686 637 1746 redeunt
658 1687 689 1746 in
710 1687 817 1764 gaudia
839 1694 956 1758 nocteS,

202 1795 301 1859 nullus
323 1797 353 1857 in
376 1796 511 1876 amplexu
535 1815 626 1876 sopor
649 1804 707 1866 est,
732 1797 805 1858 Odia
827 1816 931 1876 aspera
954 1797 1078 1876 ubique,

202 1915 231 1967 et
253 1906 348 1968 Furor
371 1913 401 1966 et
423 1907 520 1967 medio
542 1906 667 1968 recubat
689 1907 841 1968 Discordia
863 1906 949 1968 lecto.

202 2037 273 2079 cura
296 2019 365 2078 viris
389 2016 517 2078 tumidos
539 2017 660 2079 adversa
682 2017 812 2078 Thracas
834 2019 863 2076 in
888 2036 938 2077 ora

204 2147 311 2189 eruere
334 2135 364 2188 et
385 2145 501 2188 saevam
524 2127 661 2198 bellando
682 2128 820 2205 srangere
842 2135 991 2205 gentem..

204 2255 330 2318 cumque
354 2238 457 2299 domus
481 2245 582 2299 contra
606 2245 775 2317 stantesque
797 2240 828 2298 in
851 2237 936 2298 litore
959 2239 1034 2307 nati,

202 2347 317 2408 dulcius
339 2348 457 2410 Edonas
479 2348 591 2410 hiemes
613 2355 776 2425 arctonque
799 2349 974 2409 srementenr

104 2505 316 2522 ——-—b-

105 2625 240 2668 Tusu'us.
265 2625 435 2667 Avoronns.
460 2624 659 2666 lMl'l'A'PORFaS.

182 2731 290 2766 versum
302 2716 334 2765 78
344 2721 470 2779 corrupte
481 2714 578 2764 laudat
588 2714 700 2764 Servius
713 2714 748 2764 ad
761 2714 840 2778 Verg.
853 2714 921 2767 Aen.
933 2715 1047 2765 tilleto.
1067 2703 1265 2766 crulandiam*

107 2787 145 2835 de
167 2783 242 2833 laud.
263 2782 371 2836 Stilieh.
390 2784 402 2832 I
422 2785 469 2834 123
488 2783 600 2832 Edonas
618 2781 721 2832 hiemes

106 3024 211 3070 VARIA
233 3025 357 3066 nuovo.

180 3119 219 3176 62
242 3113 331 3194 prior]
356 3120 396 3190 os.
422 3138 446 3174 u.
463 3116 524 3174 434
541 3109 554 3196 ΙΙ
575 3118 663 3191 iugale
685 3115 703 3173 ὃ
769 3117 807 3174 63
831 3116 943 3172 Caeston
965 3119 1013 3189 Bs
1022 3110 1035 3195 ΙΙ
1052 3118 1117 3186 ocul
1141 3120 1166 3172 B
1181 3110 1195 3198 h
1209 3120 1254 3174 ad-

109 3205 257 3280 legassec
300 3204 424 3278 allegasse
446 3200 464 3258 (l
484 3195 497 3281 h
518 3198 655 3278 volucres]
673 3197 841 3259 columbascl
862 3204 999 3259 escholio
1070 3203 1109 3260 64
1132 3212 1207 3276 certc
1228 3206 1254 3260 B

179 3296 306 3345 certaer
375 3289 414 3345 65
437 3287 501 3344 Diua
524 3305 540 3343 o
588 3287 653 3342 llum
677 3290 727 3343 iam
750 3308 766 3343 r
795 3279 808 3365 ll
837 3283 1004 3363 maioraquse
1028 3289 1055 3341 B
1125 3290 1165 3346 66
1188 3289 1254 3345 voli·

111 3367 201 3450 tasse]
229 3373 301 3429 uolat
315 3374 363 3429 isse
384 3374 411 3429 P
453 3372 581 3429 habitasse
604 3366 632 3428 c¹
700 3374 737 3431 67
762 3372 951 3445 Vulgaraentf
990 3373 1145 3429 Tractarent
1167 3368 1224 3430 r¹m
1246 3368 1254 3453 h

113 3458 215 3534 utquse
237 3459 364 3531 inplicitis
383 3450 437 3537 ΒΗ
457 3459 570 3513 archana
594 3458 639 3529 ΒΓ
700 3459 738 3516 68
762 3461 821 3514 seua
841 3457 862 3529 f
871 3449 886 3536 Η
900 3464 996 3512 cuncta
1019 3453 1147 3534 replevit]
1171 3468 1253 3533 nupta

112 3544 283 3618 replessetP
313 3537 318 3544 '
347 3544 385 3600 71
402 3541 491 3599 illutus
503 3535 568 3598 ΡΒΙ
585 3541 749 3614 (prioremu
766 3561 843 3600 corr.
856 3546 913 3598 ino
929 3535 981 3614 13²)
1024 3543 1113 3597 blotus
1127 3544 1160 3598 M
1172 3547 1233 3600 edd.
1247 3538 1255 3623 h

114 3629 288 3701 uersequef
346 3628 385 3685 73
408 3628 545 3701 amplexus
565 3647 581 3685 c
601 3621 614 3704 Η
638 3629 718 3684 hodia
741 3631 768 3684 B
848 3626 886 3683 75
910 3627 1014 3683 trachas
1034 3622 1060 3684 c¹
1121 3629 1207 3683 tracas
1226 3631 1253 3685 in

113 3714 224 3786 horas
290 3714 327 3770 77
351 3713 445 3769 domos
463 3706 497 3786 f¹
520 3705 533 3792 Η
555 3715 647 3770 littore
670 3715 697 3769 B
768 3713 807 3770 78
836 3706 955 3787 dulcius]
979 3713 1084 3767 tristius
1107 3714 1225 3771 Servius
1246 3708 1254 3793 h

113 3800 228 3856 edonias
246 3799 333 3855 PBM
397 3799 526 3854 edomitas
546 3800 581 3854 N.
605 3801 698 3856 Fabri
716 3801 798 3856 liber.
823 3815 995 3870 quamquam
1017 3806 1044 3854 et
1065 3800 1120 3854 boc
1141 3803 1204 3856 loco
1228 3807 1255 3856 et

116 3885 205 3941 Theb.
229 3883 274 3938 llll
297 3885 356 3941 733
385 3891 482 3940 omnes
508 3886 620 3942 codices
646 3901 756 3957 qracca
784 3887 944 3956 quantitate
966 3886 1096 3956 neclecta
1119 3885 1254 3941 cohibent
1284 3903 1287 3910 ’

114 3974 192 4027 velut
222 3987 278 4024 uno
306 3977 356 4025 'ore
379 3968 492 4024 Edonias
515 3977 542 4024 et
564 3968 694 4032 EdonioS,
724 3977 818 4025 tamen
840 3967 944 4022 Edonas
968 3971 1075 4039 scripsi
1093 3969 1191 4040 fretus
1213 3973 1253 4026 di-

114 4061 194 4112 serto
218 4054 312 4110 Seruii
332 4057 503 4111 testimonio.-
528 4054 651 4110 ‘Statius
673 4061 700 4109 et
731 4055 875 4127 Vir-uilium
898 4060 924 4108 et
946 4060 1037 4110 artem
1059 4060 1176 4109 secutus
1198 4059 1252 4110 ait:

118 4142 242 4196 Tristius
265 4140 383 4195 Edonas
410 4141 515 4196 hiemes
537 4140 722 4212 Hebrumque
749 4141 885 4205 nivalem,
916 4156 972 4194 non
996 4138 1147 4194 Edonins'.
1194 4143 1254 4195 cide
1308 4175 1310 4180 ·

115 4232 213 4281 notam
236 4224 361 4280 Bentleii
382 4227 421 4280 ad
442 4225 546 4280 Horat.
571 4241 661 4280 curm.
684 4224 717 4278 lll
741 4222 795 4287 25,
819 4222 836 4292 9
867 4230 893 4278 ct
915 4224 1039 4279 luciani
1058 4223 1194 4279 Muelleri
1220 4228 1254 4281 de

115 4327 148 4366 re
178 4313 298 4365 mettica
322 4328 355 4381 p.
379 4308 439 4366 352
470 4301 483 4387 Η
511 4316 658 4383 arctonque
681 4310 838 4364 frementem
862 4307 934 4378 BM,
964 4310 1073 4363 scilicet
1103 4313 1192 4364 ventis

115 4401 265 4467 arctonque
291 4401 458 4469 prementem
486 4396 513 4451 P
537 4395 617 4452 baud
642 4399 701 4451 scio
727 4412 765 4449 on
794 4398 873 4450 recte
943 4391 1113 4470 Hebrumque
1142 4393 1254 4454 nivalem

116 4481 236 4538 Servius
