3202 5164
570 1535 965 1618 PRAEFATIO.

285 1876 342 1958 De
370 1893 559 1958 Thebaidos·
582 1896 675 1978 atque
701 1893 897 1958 Achilleidos
929 1893 1159 1978 propagatione
1188 1893 1262 1958 inde
1294 1895 1333 1959 ab

202 2013 300 2097 ipsius
312 2015 425 2097 poetae
439 2012 634 2097 temporibus
650 2035 707 2096 per
722 2011 846 2078 scholas
861 2010 997 2076 labentis
1013 2011 1210 2095 antiquitatis
1225 2011 1334 2078 medii-

202 2153 262 2216 que
285 2131 353 2196 aevi
376 2131 574 2210 continuata,
598 2131 636 2196 de
661 2132 805 2197 codicum
827 2132 950 2218 origiue
972 2133 1073 2196 aetate
1095 2130 1266 2217 dignitate,
1296 2132 1334 2198 de

201 2250 348 2334 historia,
383 2254 419 2316 ut
446 2251 491 2316 ita
518 2251 642 2335 dicam‚‘
668 2250 937 2335 interpolationis,
972 2272 1066 2335 quam
1094 2251 1234 2316 carmina
1260 2254 1336 2316 sunt

202 2391 366 2454 perpessa,
395 2370 433 2434 de
456 2370 603 2434 omnibus
629 2369 680 2434 his
702 2370 795 2434 rebus
817 2392 958 2436 seorsum
986 2377 1080 2453 quam
1101 2370 1334 2436 accuratissime

202 2491 313 2574 potero
337 2510 373 2554 eo
396 2489 477 2553 libro
500 2489 653 2558 disserere
678 2490 844 2573 constitui,
867 2490 918 2555 cui
931 2490 1049 2554 Janum
1064 2488 1335 2572 Vertumnumque

180 2645 183 2650 -
201 2607 343 2672 nondum
364 2608 522 2692 spectanti
543 2630 660 2674 nomen
682 2630 749 2674 non
770 2611 836 2674 tam
857 2608 897 2673 ad
925 2608 1073 2674 editionis
1093 2610 1219 2692 tempus
1242 2629 1336 2691 quam

202 2726 241 2790 ad
264 2727 420 2792 editorum
436 2727 696 2793 consuetudinem
715 2729 907 2793 conveniens
921 2727 1153 2812 Prolegomena
1174 2726 1336 2812 imponere

127 2924 130 2930 1
201 2847 330 2930 placuit.
380 2846 487 2931 itaque
519 2848 657 2932 primum
688 2846 750 2912 hoc
781 2846 932 2931 tripertiti
965 2845 1070 2930 operis
1103 2846 1250 2910 volumen
1283 2846 1336 2929 qui
1401 2921 1405 2936 Ι

202 2964 387 3051 cognitione
409 2968 482 3029 ante
511 2964 740 3051 dignabuntur,
769 2987 862 3050 quam
890 2964 969 3029 illud
991 2965 1025 3029 in
1047 2964 1193 3029 manibus
1220 2963 1336 3028 habere

203 3083 381 3169 potuerint,
410 3085 443 3147 et
463 3085 590 3168 gratum
617 3084 662 3149 eis
691 3087 723 3149 et
749 3085 825 3149 satis
851 3085 991 3150 facturus
1019 3105 1087 3149 esse
1114 3083 1193 3147 mihi
1219 3083 1337 3168 videorJ

203 3203 230 3270 si
243 3202 346 3266 nudae
361 3201 580 3286 breviataeque
594 3203 720 3268 tabulae
734 3203 805 3268 loco
812 3254 821 3287 ,
846 3225 908 3287 qua
926 3202 1008 3288 sigla
1023 3203 1228 3287 codicumque
1243 3205 1337 3267 notae

203 3322 307 3386 solent
328 3321 444 3405 exponi
450 3371 459 3405 ‚
487 3321 596 3405 paucis
619 3322 842 3387 demonstrabo
864 3323 914 3387 rel
935 3311 1046 3407 potius*
1068 3322 1230 3405 indicabo,
1258 3343 1337 3405 quae

202 3436 319 3504 auxilie
333 3440 446 3524 quibus
461 3441 638 3506 rationibus
649 3462 771 3526 quaque
786 3441 857 3527 lege
873 3441 1111 3507 constituendae
1126 3441 1200 3506 huic
1211 3440 1336 3524 quidem

204 3559 382 3625 Thebaidos
398 3560 575 3624 recensioni
595 3560 660 3624 sint
675 3560 838 3626 adhibitas
860 3583 962 3645 neque
978 3560 1063 3625 enim
1078 3561 1118 3624 ab
1139 3559 1209 3624 aliis
1225 3559 1336 3643 adhuc,

205 3679 394 3764 quicumque
416 3678 456 3742 ad
483 3678 615 3743 eandem
641 3701 708 3744 rem
730 3683 804 3744 sunt
830 3679 986 3766 adgressi,
1015 3701 1117 3764 neque
1139 3700 1158 3742 a
1178 3699 1230 3741 me
1257 3677 1337 3762 ipso,

203 3819 274 3862 cum
296 3820 412 3862 novem
433 3797 550 3863 abhinc
571 3798 663 3862 annis
686 3797 791 3881 subita
812 3799 978 3864 occasione
1001 3798 1107 3862 oblata
1130 3796 1337 3873 Quaestiones

203 3917 361 3982 Statianas
383 3916 596 4002 promulgari,
624 3917 676 3981 via
702 3916 825 3983 munita
846 3919 896 3982 vel
924 3919 1106 3986 monstrata
1122 3919 1171 3981 est
1198 3937 1248 4000 ea,
1277 3937 1338 3999 qua

204 4039 289 4102 certo
305 4036 384 4121 pede
399 4035 597 4120 procedatur.
634 4036 713 4100 illud
729 4039 834 4100 autem
848 4037 912 4101 iam
927 4039 995 4101 tum
1010 4038 1094 4100 recte
1109 4035 1337 4119 intellexeram,

202 4158 304 4220 totam
326 4155 430 4220 uariae
452 4155 599 4220 lectionis
617 4155 824 4242 farraginem,
849 4177 928 4240 quae
950 4155 1093 4239 dispersa
1107 4155 1262 4240 reperitur
1283 4176 1340 4238 per
1458 4155 1460 4158 ’

204 4275 302 4339 libros
314 4274 448 4359 scriptos
459 4278 491 4340 et
505 4274 690 4360 impressos,
707 4297 723 4339 e
739 4274 836 4359 stirpe
848 4274 1032 4359 provenisse
1048 4274 1181 4360 duplici;
1197 4273 1339 4339 nondum
1447 4343 1448 4350 χ

204 4395 311 4460 tamen
333 4415 557 4478 perspexeram
579 4393 653 4480 (nec
673 4394 762 4480 potui
778 4414 889 4480 expers
904 4395 973 4458 tum
994 4393 1224 4477 praesidiorum
1245 4391 1338 4458 hodie
