3180 5176
490 449 582 492 snare
604 450 780 494 unanimos
803 449 835 492 rr
1163 425 1226 492 253

174 610 204 664 et
225 621 303 664 nnnc
325 609 393 663 ante
415 600 527 670 Thoas,
551 600 661 662 cedunt
682 603 872 678 vincuntque,
897 619 952 661 nec
975 619 1112 680 umquam

173 713 328 774 ambitiosa
351 713 413 790 pios
435 697 558 772 considit
580 711 671 789 gioria
695 712 811 772 iratres.
1054 699 1056 703 ’
1166 715 1228 772 435

178 801 360 904 postremum
383 821 541 882 discrimen
565 829 649 896 erant
670 820 806 882 Chromis
829 839 916 900 asper
939 829 968 881 et
990 841 1077 902 asper

173 932 392 1012 Hippodamus,
418 950 476 992 non
499 931 686 1000 endecadae,
710 931 763 992 sad
786 931 863 992 mole
886 925 1046 993 tenentur

175 1041 378 1122 cornipedum.
423 1044 506 1132 prior
528 1042 731 1121 Hippodamus
754 1042 885 1102 seriora
908 1051 1099 1122 sequentum,

174 1153 233 1213 sert
254 1154 381 1230 gemitus
403 1151 552 1229 multaque
577 1169 696 1213 umeros
717 1152 886 1214 incenditur
909 1171 990 1213 aura.
1098 1183 1102 1192 ·

175 1265 303 1341 speravit
324 1261 418 1344 flexae
439 1263 551 1322 circum
573 1261 747 1342 compendia
770 1271 866 1323 metae

177 1374 302 1433 interius
324 1372 420 1432 ductis
442 1371 609 1434 Phoebeius
631 1390 725 1450 augur
747 1371 872 1433 habenis

175 1481 351 1562 anticipasse
375 1485 466 1550 viam;
490 1499 545 1542 nec
568 1500 628 1542 non
651 1490 680 1542 et
702 1481 861 1544 Thessalus
884 1481 973 1544 beros

175 1610 227 1670 spe
250 1593 391 1672 propiore
414 1573 502 1661 calet,
527 1592 596 1652 dunt
621 1610 681 1652 non
703 1590 861 1654 cohibente
883 1595 1026 1672 magistro

138 1711 140 1718 '
175 1704 325 1782 spargitur
347 1704 376 1762 in
400 1707 489 1782 gyro·
509 1701 670 1779 dexterque
693 1709 811 1762 exerrat
832 1704 931 1765 Arion.

174 1815 233 1874 iam
256 1814 338 1892 prior
360 1810 495 1872 Oeclides
516 1813 624 1872 etiam
647 1830 707 1872 non
728 1814 833 1875 tertius
854 1812 916 1874 ibat
1167 1819 1228 1877 445

174 1922 331 2008 Admetus,
354 1920 421 1982 laxo
443 1940 510 1982 cum
535 1921 654 1982 tandem
678 1940 714 1982 ex
736 1921 809 1984 orbe
831 1923 972 1985 reductus
1011 1923 1014 1928 ’

161 2023 341 2110 'aequoreus
363 2034 484 2112 sonipes
505 2033 614 2112 premit
636 2031 790 2111 evaditque
812 2051 972 2114 parumper

175 2144 300 2221 gavisos.
345 2141 424 2202 subit
446 2151 523 2204 astra
545 2142 660 2220 fragor,
685 2143 857 2224 caelumque
880 2147 1045 2217 tremescit,

176 2255 333 2331 omniaque
355 2270 478 2314 excusso
500 2262 622 2333 patuere
644 2253 746 2315 sedilia
768 2253 864 2333 vulgo.
1230 2333 1234 2342 Ι

176 2363 229 2425 sed
250 2353 306 2424 nec
328 2362 391 2424 lora
414 2366 490 2443 regit
512 2381 567 2424 nec
591 2363 713 2434 uerbera
735 2363 861 2444 pallidus
878 2365 965 2427 audet
1168 2371 1231 2431 450

176 2473 371 2544 Labdacides,
395 2473 472 2535 lassa
495 2473 586 2536 veiuti
606 2475 720 2536 ratione
738 2476 879 2554 magister

177 2585 208 2644 in
230 2583 352 2653 fluctus,
376 2585 406 2644 in
429 2602 497 2644 saxa
520 2586 580 2644 ruit
602 2603 658 2644 nec
680 2586 739 2646 iam
762 2585 887 2665 amplius
909 2596 986 2649 astra

175 2694 297 2774 respicit
318 2701 347 2754 et
370 2695 474 2755 victam
496 2696 622 2774 proiecit
643 2694 759 2756 casibus
782 2705 885 2757 artem.

220 2804 335 2864 Rursus
356 2805 535 2894 praecipites
557 2806 692 2866 inrecta
716 2823 750 2866 aa
772 2806 855 2868 devia
878 2809 973 2888 campi

87 3012 218 3054 TESTES·
242 3011 413 3054 AVCTORES·
437 3011 639 3054 IMITA'I'ORES·
713 2979 717 2986 ⁴

160 3094 209 3142 436
229 3092 265 3141 cf.
285 3093 367 3156 Verg.
388 3092 438 3144 ecl.
458 3092 511 3155 VII
530 3093 561 3142 16
583 3097 612 3143 et
633 3100 773 3144 certamen
796 3099 856 3144 erat
873 3093 1000 3158 Corydon
1019 3111 1079 3146 enm
1097 3098 1232 3163 Thyrside

89 3177 221 3225 rrragnum
289 3162 338 3210 437
358 3161 394 3210 ai.
413 3161 495 3225 Verg.
514 3159 581 3211 Aen.
597 3161 618 3208 V
633 3163 679 3211 152
699 3177 779 3226 quem
798 3163 897 3212 deinde
916 3163 1070 3214 Cloanthus
1089 3168 1232 3230 consequi·

88 3234 148 3291 tur,
169 3226 265 3278 melior
282 3229 377 3290 remis,
397 3228 446 3278 sed
464 3229 585 3293 pondere
603 3229 683 3294 pinus
700 3230 781 3280 tarda
799 3234 877 3279 tenet
953 3233 1003 3280 440
1016 3247 1075 3297 sqq.
1094 3235 1130 3285 ai.
1150 3233 1232 3288 Ovid.

87 3303 157 3347 met.
176 3295 219 3344 III
237 3297 288 3346 234
305 3310 346 3360 eq.
366 3296 415 3346 sed
433 3311 481 3360 per
501 3297 653 3362 conpendia
671 3298 772 3349 montis
790 3299 941 3363 anticipato
959 3299 1005 3349 via
1024 3309 1067 3350 est

85 3486 190 3528 VARIA
212 3485 337 3527 haculo.

177 3567 239 3627 434
254 3571 368 3627 caedunt
384 3573 445 3628 edd.
464 3579 528 3628 cett.
621 3572 682 3630 435
700 3573 846 3630 Ambiciosa
861 3591 877 3630 c
893 3567 904 3652 li
920 3576 1031 3632 conlidit
1048 3577 1139 3650 PBrf
1177 3578 1232 3634 col·

86 3649 225 3733 tidttMil
242 3656 286 3730 gia
302 3648 343 3712 iri
354 3657 382 3712 B
457 3657 517 3715 436
534 3659 661 3714 eromisc
725 3658 786 3716 437
803 3659 1004 3732 Hypodamusa
1069 3662 1129 3719 438
1152 3663 1229 3718 Bar-

85 3745 169 3798 thias
183 3742 362 3798 distinctione
377 3743 491 3798 sublata
503 3749 571 3814 post
586 3745 703 3800 verbam
716 3743 890 3817 cornipedum
906 3747 1012 3802 mavult
1026 3750 1233 3822 interpnnpere

85 3831 114 3882 tn
133 3829 220 3882 accitu
241 3841 342 3882 cerras
362 3828 564 3898 praecedentis
584 3821 595 3904 ΙΙ
618 3827 833 3902 hyppodamuic
854 3822 866 3906 ΙΙ
889 3830 954 3885 hora
970 3830 998 3885 B
1081 3830 1143 3889 439
1159 3847 1233 3888 utne·
1338 3855 1339 3860 ¹

86 3913 135 3966 ros
157 3910 211 3966 PB
264 3911 392 3967 humeros
411 3912 443 3968 M
541 3912 603 3969 440
624 3913 773 3986 conpendia
787 3913 815 3968 P
911 3913 971 3969 441
989 3915 1119 3990 phebenii
1132 3935 1148 3973 a

86 3995 155 4051 444
178 3996 253 4069 giros
267 3995 289 4067 s
304 3988 316 4072 ΙΙ
337 3983 484 4070 dextraq'ue
506 4015 529 4052 π
633 3997 694 4053 445
715 3997 815 4078 eolides
833 3999 860 4054 P
911 3999 1019 4072 aclydes
1036 4017 1052 4056 e
1068 3993 1079 4078 ΙΙ
1096 4004 1173 4057 etiarn
1187 4015 1205 4055 'a
1226 3997 1234 4078 ji

89 4081 196 4136 tercius
209 4081 252 4134 Bc
322 4079 383 4138 446
400 4080 431 4136 ab
448 4081 513 4137 orbe
527 4083 651 4156 PBrfcp
671 4083 741 4138 Par.
757 4082 856 4154 8053,
879 4083 949 4140 Gud.
967 4083 1023 4156 52,
1047 4084 1136 4171 Goth,
1159 4103 1234 4142 uatus

89 4199 185 4270 Belo,
207 4200 363 4255 scholiasta
482 4199 542 4257 447
565 4203 739 4275 Aequoraeui
757 4202 785 4257 B
890 4202 951 4259 448
973 4164 1070 4260 (iatrisol
1084 4203 1154 4259 subit
1176 4205 1203 4259 P
1225 4198 1233 4280 ii

89 4285 229 4339 tremescit
243 4277 343 4356 PB¹s²
401 4286 529 4340 tremiscit
544 4286 576 4342 M
670 4285 733 4343 450
748 4286 869 4343 audetP
924 4286 998 4343 addit
1013 4288 1074 4345 BM
1087 4291 1149 4345 edd.

88 4368 152 4424 451
170 4367 331 4441 Lapdacides
344 4386 361 4430 c
377 4363 388 4446 ΙΙ
405 4370 473 4443 lapsa
488 4389 510 4424 π
525 4378 552 4426 et
567 4375 673 4428 mauult
688 4371 865 4428 Bernartius
926 4372 982 4427 laxa
997 4393 1024 4429 m
1114 4356 1176 4430 453'
1192 4374 1232 4446 cs.

94 4453 180 4514 Paeo,
197 4453 284 4509 {1129
301 4469 343 4526 sq.
361 4448 372 4532 ΙΙ
388 4471 475 4509 arcem
491 4475 507 4510 r
592 4456 654 4510 454
669 4457 813 4529 precipites
823 4458 845 4530 s
954 4477 957 4484 ¹
