3202 5164
332 453 383 500 XII
798 451 994 501 PRAEFATIO

331 611 439 672 tamen
454 608 498 671 eis
505 655 514 688 ,
538 629 616 691 quas
630 607 698 692 ipse
711 606 932 672 Lachmannus
949 606 1130 692 deleverat),
1147 629 1168 670 u
1197 611 1307 672 contra
1321 610 1465 694 plerique

332 726 448 790 nostris
479 727 664 810 praesertim
695 726 905 811 temporibus,
938 725 1065 809 quibus,
1099 725 1250 810 quidquid
1280 728 1385 794 subito
1418 733 1461 796 ef-

332 844 424 908 fluxit
445 845 627 929 exanimis,
650 845 773 926 scrinia
788 844 856 909 odit
877 847 970 928 atque
992 844 1026 908 in
1047 865 1156 908 musea
1177 848 1209 909 et
1230 846 1360 912 annales
1383 849 1466 915 sclet

332 962 498 1046 festinare,
527 985 719 1050 magnopere
740 963 883 1029 miraturi
909 984 976 1027 esse
998 961 1077 1026 mihi
1098 962 1278 1049 videantur,
1306 967 1391 1049 quod
1412 968 1465 1033 ifle

334 1080 407 1146 dum
429 1082 555 1147 virebat
580 1083 723 1168 insignes
745 1105 817 1146 suas
840 1081 933 1146 Statii
959 1102 1048 1144 curas
1075 1081 1143 1165 ipse
1170 1083 1282 1148 maluit
1303 1086 1463 1151 occultari.

417 1200 505 1266 Haec
519 1201 585 1266 fere
601 1205 689 1286 sunt,
712 1223 793 1285 quae
814 1200 852 1264 ad
874 1199 1113 1285 perpoliendam
1128 1199 1321 1267 Thebaidem
1336 1203 1465 1270 adhibui

334 1320 466 1404 auxilia,
492 1321 597 1404 plura,
627 1341 719 1407 quam
742 1318 855 1404 quibus
883 1339 962 1402 opus
985 1322 1060 1384 erat.
1105 1319 1222 1383 etenim
1244 1319 1282 1384 de
1310 1322 1465 1410 dignitate

335 1438 478 1504 codicum
501 1437 534 1504 P
545 1441 577 1504 et
590 1436 624 1504 B
645 1439 673 1503 si
695 1439 745 1503 cui
766 1441 852 1503 recte
874 1459 969 1522 supra
990 1437 1199 1523 disputavisse
1213 1438 1357 1525 uidebor,
1380 1441 1465 1508 idem

275 1625 282 1658 ,Ἰ
334 1558 438 1642 aliquo
460 1558 528 1621 iure
549 1558 596 1621 ita
616 1560 725 1622 tamen
739 1556 969 1640 adversabitur,
991 1559 1041 1640 ut,
1065 1579 1135 1622 cum
1159 1558 1203 1622 sic
1222 1580 1273 1623 res
1296 1581 1327 1624 se
1341 1558 1465 1644 habeat,
1586 1547 1587 1554 ἵ

334 1661 563 1740 nimia'variae
591 1677 737 1741 lectionis
764 1676 848 1740 mole
876 1675 1047 1741 editionem
1076 1699 1144 1740 esse
1177 1681 1340 1742 oneratam
1369 1679 1465 1746 dicat.
1586 1673 1587 1684 ³

336 1799 368 1859 at
390 1795 460 1859 aliis
480 1816 604 1880 quoque
624 1795 804 1860 satisfacere
819 1795 939 1878 studui,
961 1796 1030 1880 qui,
1051 1795 1115 1858 nisi
1136 1797 1218 1878 tota,
1241 1817 1320 1879 quae
1340 1798 1467 1882 quidem

335 1913 436 1978 adbuc
458 1917 506 1978 est
533 1918 637 1997 eruta,
667 1915 746 1979 silva
773 1917 848 1978 ante
870 1914 977 1979 oculos
1004 1917 1214 1997 proponetur,
1243 1915 1347 1981 minus
1375 1917 1467 1982 facile

335 2034 447 2099 adduci
478 2037 629 2118 poterunt
659 2037 695 2098 ut
727 2032 864 2098 credant.
915 2031 1027 2096 deinde
1059 2032 1138 2096 haut
1164 2054 1240 2096 sane
1270 2033 1383 2099 inutile
1409 2039 1466 2118 est,
1586 2035 1587 2040 ’

334 2153 579 2237 uniuscuiusque
600 2152 854 2236 interpolationis
877 2151 1068 2215 editionibus
1086 2151 1204 2215 nostris
1226 2151 1398 2216 hereditate
1418 2175 1464 2216 re·
1586 2177 1587 2204 i

335 2274 427 2337 lictae
449 2271 489 2335 ad
509 2271 601 2334 initia
622 2273 783 2353 tamquam
805 2268 955 2354 gradibus
978 2268 1175 2333 descendere.
1217 2270 1347 2353 denique
1368 2269 1464 2334 medii

336 2392 405 2458 aevi
419 2389 602 2456 scholastici
620 2388 735 2473 passim
754 2389 934 2452 coniectura
948 2409 1056 2452 verum
1071 2389 1274 2471 invenerunt,
1296 2388 1357 2452 nisi
1372 2388 1466 2471 forte,

215 2517 217 2526 ’
264 2587 270 2600 ⁸
336 2510 419 2596 quod
430 2531 497 2574 uon
510 2509 604 2593 plane
619 2507 816 2593 negaverim,
839 2507 982 2591 pervenit
1004 2505 1043 2570 ad
1065 2506 1137 2570 illos
1159 2507 1312 2572 traditum
1334 2529 1372 2571 ex
1397 2508 1464 2570 eius
1488 2569 1496 2581 ,

337 2630 453 2694 codicis
480 2627 692 2713 marginibus,
721 2648 740 2690 a
768 2648 830 2709 quo
858 2647 968 2690 omnes
994 2629 1118 2709 praeter
1140 2625 1408 2712 Bambergensem
1437 2628 1469 2688 et

316 2749 532 2842 ¹Puteaneum
560 2749 646 2811 ortos
669 2767 737 2811 esse
766 2766 860 2828 supra
889 2744 968 2828 dixi,
990 2744 1225 2832 ¹Bambergensi
1247 2745 1354 2810 nescio
1382 2745 1468 2810 cuius
1585 2795 1586 2832 ,

338 2868 520 2933 consimilis.
563 2867 630 2931 eius
651 2864 738 2929 modi
759 2867 867 2928 tamen
887 2885 985 2948 parva
1008 2867 1083 2928 sunt
1104 2885 1141 2928 ac
1162 2885 1327 2947 perpauca.

422 2986 508 3064 Quae
530 3008 601 3050 cum
622 2985 667 3048 ita
689 2983 767 3067 sint,
789 3003 917 3067 perraro
939 2983 1080 3048 animum
1094 2983 1204 3047 induxi
1225 2982 1370 3066 neglecta
1386 2981 1469 3046 codi-

338 3129 409 3170 cum
443 3105 511 3170 PB
543 3104 729 3169 auctoritate
762 3101 842 3166 alius
875 3101 948 3165 libri
980 3102 1148 3180 lectionem
1181 3101 1355 3166 admittere.
1405 3101 1469 3166 illis

315 3203 442 3289 'autern
464 3224 602 3306 duobuS,
631 3224 807 3307 quaesunt
834 3223 865 3284 et
893 3242 960 3285 esse
988 3221 1160 3304 debebant,
1188 3221 1336 3286 editionis
1358 3219 1470 3284 funda·

338 3344 453 3409 mentis
474 3344 519 3407 ita
540 3364 610 3406 sum
631 3364 721 3426 usus,
745 3343 781 3405 ut
803 3341 991 3423 comparatis
1012 3341 1095 3403 inter
1118 3361 1151 3403 se
1173 3343 1205 3403 et
1227 3340 1402 3404 conciliatis
1425 3340 1470 3403 eis
1584 3339 1585 3352 ¹

339 3465 425 3549 prius
453 3462 630 3546 exemplum
657 3459 821 3525 restituere
851 3479 981 3522 conarer
1009 3462 1063 3521 aut
1090 3458 1243 3542 primurn,
1272 3459 1375 3540 quoad
1405 3443 1470 3523 siis
1584 3459 1585 3462 ’

339 3606 395 3668 per
426 3605 476 3647 me
510 3582 575 3646 sive
603 3602 660 3665 per
687 3580 767 3643 alios
798 3577 866 3641 fieri
898 3580 1014 3661 posset.
1064 3578 1169 3660 itaque
1202 3576 1470 3662 (quandoquidem

338 3704 444 3788 placet
466 3702 598 3766 arabus
620 3699 818 3784 gravioribus
846 3697 1016 3783 insipere),
1047 3717 1118 3760 cum
1145 3718 1183 3760 ex
1210 3699 1340 3780 utroque
1363 3697 1470 3761 codice

339 3823 389 3887 vel
411 3843 474 3886 uno
502 3822 692 3905 apparuerat
719 3818 841 3900 aliquos
863 3837 971 3880 versus
993 3837 1059 3880 non
1082 3816 1179 3881 fuisse
1201 3816 1235 3880 in
1257 3837 1294 3881 eo
1317 3816 1470 3899 exemplo,

340 3961 435 4023 aquo
451 3959 649 4003 communem
663 3940 794 4020 uterque
809 3935 964 4020 originem
979 3934 1080 4018 ducit,
1097 3939 1279 4020 contempto
1296 3938 1471 3999 ceterorum

294 4137 297 4144 y
340 4080 496 4124 consensu
522 4058 601 4122 tales
631 4077 736 4121 versus
768 4056 882 4119 litteris
916 4053 1044 4118 cursivis
1079 4055 1211 4138 exprimi
1242 4058 1274 4118 et
1305 4054 1394 4118 uncis
1427 4052 1469 4140 Η
1583 4067 1584 4070 ’

339 4177 459 4244 includi
480 4178 566 4242 iussi.
604 4198 683 4261 quae
697 4196 763 4239 non
779 4173 910 4239 cursivis
932 4173 1047 4238 litteris
1062 4174 1180 4258 scripta
1194 4173 1304 4238 eodem
1319 4193 1471 4237 uncorum

340 4319 457 4383 genere
483 4295 717 4379 discernuntur,
745 4316 782 4359 ea
804 4291 991 4375 antiquioris
1014 4293 1108 4357 etiam
1132 4293 1283 4377 temporis
1305 4291 1384 4356 mihi
1405 4291 1473 4354 visa

341 4419 416 4482 sunt
447 4417 613 4503 figmenta,
646 4437 754 4480 versus
782 4416 886 4477 autem
914 4411 953 4474 ab
985 4433 1048 4476 uno
1073 4412 1123 4476 vel
1151 4411 1261 4495 paucis
1288 4410 1471 4482 recentioris
