3202 5164
632 481 828 532 PRAEFATIO
1238 479 1304 526 XIII

166 646 262 706 notae
284 609 446 705 codicibus
468 639 629 723 profectos
652 637 692 701 ad
713 637 889 721 marginem
911 634 1005 698 reieci
1027 633 1218 698 inferiorern.
1260 633 1305 696 sic

167 761 265 845 igitur
299 762 364 823 tres
398 779 510 822 manus
547 754 798 840 interpolatrices
834 753 951 818 notavi.
1005 752 1169 836 negotium
1201 750 1305 814 minus

168 899 234 942 non
255 877 387 942 minoris
409 875 527 940 laboris
550 878 631 958 erat,
655 873 755 938 sicubi
776 872 974 958 singulorum
989 871 1124 934 varietas
1138 869 1305 934 verborum

169 997 204 1062 in
232 995 394 1061 codicibus
418 993 486 1058 PB
512 993 727 1077 reperiebatur
753 990 842 1075 talis,
870 993 906 1054 ut
931 990 1060 1055 tertium
1089 987 1207 1072 aliquid
1233 986 1306 1051 inde

170 1115 255 1180 effici
286 1135 346 1178 nec
373 1115 481 1197 posset
508 1133 567 1176 nec
595 1112 770 1196 oporteret,
803 1109 934 1174 alteram
961 1112 1064 1172 utram
1097 1107 1227 1191 eligere,
1259 1107 1306 1169 ni-
1353 1107 1355 1114 '

169 1232 287 1297 mirum
323 1228 545 1312 examinando,
578 1229 652 1314 quid
683 1233 795 1313 poetae
825 1230 954 1315 ingenio
984 1226 1177 1309 dictionique
1204 1225 1306 1310 magis

171 1353 258 1416 esset
279 1350 476 1415 conveniens.
515 1352 653 1414 ceterum
676 1369 746 1413 cum
769 1349 803 1411 in
824 1347 972 1412 hactum
994 1347 1028 1412 ln
1045 1345 1192 1410 omnibus
1213 1343 1306 1409 rebus
1389 1401 1395 1412 ,

171 1469 334 1534 certiorem
363 1467 473 1532 ducem
502 1467 600 1532 codex
628 1465 807 1533 Puteaneus
836 1487 869 1530 se
896 1464 975 1530 mihi
1001 1464 1153 1550 praebere
1175 1463 1306 1562 solebat,

170 1609 266 1673 quam
286 1585 553 1672 Bambcrgensis,
579 1586 629 1650 cui
657 1586 765 1670 plures
786 1584 952 1648 inhaerent
973 1583 1152 1648 scholarum
1173 1581 1306 1647 offuciae

170 1710 263 1791 atque
287 1705 405 1772 sordes.

253 1823 395 1888 Transeo
418 1824 455 1887 ad
478 1824 628 1888 minutias
655 1821 915 1908 orthographiae,
944 1843 1023 1905 quae
1051 1825 1160 1886 tamen
1189 1823 1305 1904 quanto

171 1943 303 2007 leviores
332 1942 410 2006 olim
437 1945 512 2006 sunt
532 1942 633 2024 visae,
663 1943 754 2004 tanto
778 1940 953 2005 accuratius
980 1938 1075 2004 hodie
1104 1939 1307 2023 explorentur

173 2082 298 2126 necesse
332 2064 390 2125 est.
447 2061 650 2143 quamobrem
684 2058 849 2144 diligentia
885 2080 947 2141 qua
982 2058 1150 2143 oportebat
1185 2079 1307 2122 summa

173 2179 326 2244 eiusmodi
358 2178 527 2243 varietates
563 2177 707 2243 codicum
736 2177 804 2243 PB
831 2199 941 2242 omnes
971 2177 1122 2261 descripsi
1155 2176 1190 2241 in
1221 2178 1307 2242 varia

171 2298 323 2384 lectione3
357 2319 463 2362 erasas
492 2271 614 2362 litteras
648 2319 779 2381 quarum
812 2297 947 2382 vestigia
980 2299 1148 2393 supersunt
1179 2296 1306 2380 punctis

173 2416 329 2508 appressi,
345 2438 423 2498 quae
438 2417 524 2480 cerni
539 2419 716 2500 nequeunt,¹
736 2438 789 2480 eas
803 2436 862 2500 pro
876 2436 1008 2480 numero
1024 2437 1087 2515 una
1101 2415 1151 2479 vel
1165 2415 1307 2498 pluribus

173 2533 266 2596 lineis
294 2532 429 2598 indicavi
458 2535 517 2600 sic:
550 2544 564 2612 l
591 2537 619 2619 ll
644 2537 688 2619 sss
713 2539 778 2620 sslf.
825 2534 904 2598 haee
937 2536 1044 2598 tamen
1073 2533 1138 2597 fere
1171 2537 1307 2617 praeter-

174 2653 263 2717 misi:
298 2674 339 2735 ae,
370 2677 448 2734 e=
469 2676 520 2739 ae,
550 2635 632 2716 i1=
654 2675 723 2736 um,
748 2674 778 2736 q.
799 2685 841 2706 =
863 2675 939 2736 que,
964 2653 1090 2716 ofnl=
1112 2674 1230 2717 omnes
1272 2654 1306 2717 iu

173 2772 243 2855 ipso
272 2774 421 2836 contextu
449 2773 692 2872 uniuscuiusque
719 2772 807 2836 verbi
836 2770 992 2835 scribendi
1019 2771 1176 2858 rationem
1202 2770 1306 2854 recepi

173 2867 257 2970 eam,
282 2912 376 2973 quam
397 2912 464 2954 non
486 2890 620 2976 singulis
636 2891 713 2955 locis
736 2890 790 2954 sed
812 2911 868 2974 per
890 2894 993 2954 totum
1016 2911 1142 2954 carmen
1164 2889 1306 2954 codicum

176 3007 244 3073 PB
266 3029 422 3074 consensu
445 3009 663 3074 confirmatam
685 3010 819 3094 repperi.

257 3126 419 3234 ld·unum
449 3127 584 3211 denique
612 3127 708 3212 addo,
748 3128 943 3192 Achilleidos
970 3151 1078 3193 versus
1110 3127 1213 3213 primo
1247 3128 1307 3192 hoc

177 3245 277 3327 operis
299 3246 460 3310 volumine
482 3246 527 3310 eis
550 3246 663 3330 quibus
686 3247 788 3312 adhuc
810 3248 915 3311 solent
943 3248 1082 3312 numeris
1105 3247 1223 3330 notari,
1253 3247 1308 3310 sed

177 3361 210 3426 in
244 3364 315 3447 ipsa
346 3365 542 3429 Achilleidos
579 3364 718 3430 editione
749 3365 917 3451 primarios
949 3388 1096 3431 numeros
1128 3367 1207 3430 alios
1240 3387 1308 3430 esse

175 3482 307 3548 futuros.
359 3487 395 3548 ut
426 3484 509 3548 enim
540 3487 661 3550 taceam
695 3486 842 3549 carminis
875 3507 893 3548 a
924 3489 1018 3569 poeta
1046 3485 1086 3549 ad
1117 3486 1213 3549 finem
1242 3506 1309 3552 non

174 3600 318 3684 perducti
341 3601 594 3669 distributionem
609 3604 697 3667 illam
715 3603 1052 3690 quinquepertitatem,
1076 3627 1170 3688 quam
1190 3603 1310 3669 habent
1367 3683 1369 3689 ,

129 3759 134 3763 -
175 3721 267 3784 multi
289 3721 362 3785 libri
377 3722 487 3806 scripti
502 3723 640 3806 olimque
658 3723 839 3788 retinebant
859 3724 1018 3808 impressi,
1041 3746 1082 3788 ne
1097 3746 1167 3788 eam
1182 3724 1308 3808 quidem

176 3861 243 3905 esse
271 3842 433 3924 antiquam
461 3844 600 3926 constat,
636 3864 715 3925 quae
742 3842 837 3908 hodie
864 3844 898 3906 in
926 3843 1116 3907 editionibus
1143 3843 1307 3927 reperitur.

176 3959 231 4024 sed
257 3960 377 4044 primus
407 3961 488 4026 liber
515 3961 720 4027 concludatur
747 3961 908 4046 oportebit
931 3984 1038 4046 versu,
1068 3963 1121 4047 qui
1149 3985 1234 4027 nunc
1254 3965 1310 4027 'est

176 4078 250 4142 libri
271 4077 304 4144 Il
325 4079 396 4144 286.
433 4081 479 4144 ita
507 4082 592 4146 enim
612 4084 697 4146 recte
723 4081 758 4144 in
780 4081 848 4146 solo
872 4081 978 4156 codice
1000 4081 1160 4147 Puteanec
1183 4103 1308 4147 carmen
1380 4051 1382 4057 A

176 4197 364 4282 dispositum
379 4221 447 4266 esse
462 4200 619 4265 testantur
635 4199 813 4264 Priscianus
828 4201 902 4264 inst.
918 4198 981 4264 VII
999 4199 1052 4283 12,
1077 4201 1117 4266 65
1140 4201 1307 4286 (gramma-

175 4291 310 4382 sarua
333 4317 517 4384 carnorum
544 4321 607 4385 vu.
631 4319 665 4385 11
689 4343 720 4404 p.
744 4319 821 4403 342,
849 4319 884 4405 5)
913 4321 945 4382 a
966 4317 1126 4404 ausones
1154 4323 1211 4407 aa.
1234 4318 1308 4384 116

177 4437 251 4523 (vol.
274 4436 305 4502 V
326 4461 357 4523 p.
380 4439 458 4523 475,
490 4441 550 4522 13).
594 4439 646 4504 hic
669 4439 865 4505 Achilleidos
886 4459 1010 4524 versus,
1041 4440 1095 4526 qui
1122 4443 1308 4505 nuncsunt
