3202 5164
670 451 864 498 PRAEFATIO
1297 453 1332 500 IX

201 604 307 689 potius
330 603 483 668 simillimi
511 602 584 667 libri
605 603 712 668 nescio
736 604 837 682 cuius,
865 604 910 668 ita
936 569 1042 669 tamen
1064 628 1082 668 a
1104 604 1334 690 Bambergensi

202 723 426 807 discrepantis,
453 724 505 804 ut,
535 743 606 786 oum
627 721 680 786 hio
701 723 862 806 tamquam
885 723 1012 806 speculo
1035 723 1147 788 reddet
1168 746 1334 790 commune

201 842 325 925 utrique
347 840 541 924 exemplum,
571 839 625 904 ille
655 840 773 925 passim
802 844 834 906 et
861 841 1070 907 correctiones
1100 842 1168 908 sine
1190 844 1333 928 exemplo

202 961 301 1026 factas
316 964 349 1026 et
370 960 515 1025 lectionis
530 959 698 1025 varietates
712 959 867 1044 receperit
880 959 1033 1027 Puteanei
1048 962 1165 1026 codicis
1180 964 1333 1046 proprias,

203 1103 279 1165 quas
300 1080 334 1145 in
357 1078 518 1163 archetypi
540 1077 736 1164 marginibus
757 1079 901 1162 interque
922 1101 1068 1145 versuum
1090 1080 1215 1145 ordiner
1236 1079 1334 1144 fuisse

203 1198 325 1264 additas
348 1220 385 1263 ex
407 1199 477 1283 ipso
500 1196 729 1284 Bambergensi
751 1201 964 1283 cognoscitur.

286 1317 409 1388 Deinde
431 1315 556 1381 saeculo
571 1313 635 1380 XII
649 1315 699 1381 vel
713 1315 794 1382 XIII
816 1339 854 1382 ex
870 1316 977 1382 codice
994 1317 1033 1402 P,
1057 1320 1111 1404 qui
1132 1319 1335 1404 perlongum
1351 1335 1468 1386 vulsone

94 1423 98 1430 ’
203 1440 328 1521 tempus
355 1435 484 1500 latuisse
506 1434 645 1519 videtur,
674 1435 739 1500 sive
761 1457 799 1500 ex
827 1436 932 1520 aliquo
959 1437 1040 1503 libro
1064 1438 1130 1503 eius
1156 1437 1334 1522 propinquo
1344 1404 1477 1514 ‘limi

204 1556 306 1621 denuo
328 1554 452 1620 haurire
475 1557 656 1639 coeperunt.
687 1554 806 1640 ,itaque
831 1555 950 1620 factum
973 1560 1035 1640 est,
1063 1560 1113 1639 nt,
1142 1578 1221 1641 quae
1243 1560 1337 1622 antea
1356 1541 1470 1658 ξζξζζζῗ

205 1675 321 1740 codicis
354 1673 387 1739 P
416 1675 584 1738 varietates
616 1674 650 1738 in
684 1673 752 1738 aliis
785 1673 875 1739 libris
909 1678 994 1740 certo
1021 1675 1172 1740 nimirum
1204 1697 1334 1740 numero

204 1795 369 1860 conclusae
397 1795 565 1877 apparent,
594 1793 639 1857 eis
666 1795 735 1857 tum
762 1793 862 1856 auctis
888 1797 981 1876 atque
1009 1793 1138 1878 insuper
1159 1815 1253 1878 saepe
1279 1816 1337 1878 par

204 1913 419 1979 coniecturam
436 1910 604 1996 suppletis,
628 1932 728 1975 novus
747 1911 874 1994 qnidam
889 1911 979 1976 mixti
1000 1913 1126 1997 generis
1142 1912 1219 1977 ordo
1235 1933 1336 1977 orere-

204 2036 264 2097 tur.
289 2034 323 2096 at
334 2032 418 2096 rivos
430 2030 503 2095 inde
518 2033 683 2096 manantes
698 2030 824 2116 longius
836 2030 889 2095 hic
904 2031 1051 2115 persequi
1064 2052 1131 2095 non
1146 2031 1275 2117 attinet3
1290 2031 1336 2097 fa·

205 2152 264 2217 cile
276 2153 438 2237 poterunt,
453 2150 506 2234 qui
512 2150 616 2215 variae
627 2149 773 2214 lectionis
786 2149 922 2234 aliquam
935 2153 1057 2234 partem
1064 2149 1335 2235 perlustraverint.

205 2293 266 2356 qua
287 2271 369 2336 inre
390 2273 427 2335 ut
448 2272 533 2335 recte
553 2268 613 2334 hac
635 2269 773 2334 editione
795 2273 939 2354 utantur,
962 2291 1016 2335 eos
1038 2269 1217 2334 admonitos
1231 2270 1336 2354 velim,

205 2390 356 2456 lectiones
373 2390 517 2455 codicum
533 2388 610 2455 Pet
623 2388 657 2453 B
672 2388 857 2474 singillatim
874 2391 1010 2475 proponi
1032 2411 1103 2454 curn
1119 2390 1183 2454 suis
1199 2411 1337 2473 quasque

205 2510 320 2596 signis,
337 2512 512 2574 ceterorum
523 2530 589 2573 non
603 2507 719 2592 ubique
731 2508 928 2593 singillatim.
952 2507 1007 2572 sed
1022 2509 1049 2574 si
1063 2511 1150 2573 totus
1163 2511 1337 2573 ceterorum

205 2630 347 2722 grexvel
367 2628 496 2714 plurimi
517 2628 601 2692 inter
616 2649 648 2692 se
672 2627 887 2711 consentiunt,
910 2628 1005 2692 talem
1029 2641 1217 2693 consensum
1240 2628 1337 2713 signi-

203 2749 297 2814 ficare
319 2747 405 2812 soleo
428 2748 534 2812 littera
556 2746 611 2832 M3
640 2747 689 2812 sin
717 2749 823 2812 autem
845 2750 933 2831 sunt,
962 2747 1015 2831 qui
1037 2746 1077 2811 ab
1105 2746 1161 2810 illa
1188 2747 1337 2812 societate

204 2869 397 2952 discrepent,
426 2887 535 2931 eorum
565 2864 708 2932 codicum
733 2867 900 2931 varietates
922 2866 1058 2950 propriis
1081 2866 1170 2951 siglis
1198 2869 1337 2950 notatae,

147 2977 151 2985 ’
205 2990 301 3073 prout
321 3008 371 3051 res
399 2986 553 3070 postulat,
582 2988 637 3048 aut
659 3008 800 3050 seorsum
822 2957 1019 3050 collocantur
1041 2988 1095 3049 aut
1121 3007 1192 3050 cum
1214 3007 1277 3049 uno
1300 3008 1338 3049 ex

206 3106 338 3171 ducibus
355 3104 423 3171 PB
438 3104 682 3190 coniunguntur.
721 3105 877 3169 litteraM
890 3105 987 3191 igitur
1000 3107 1216 3190 repraesentat
1229 3104 1338 3170 lectio-

206 3247 279 3290 nem
304 3226 369 3290 fere
399 3225 597 3289 constantem
625 3245 682 3307 per
708 3225 812 3288 toturn
838 3222 935 3308 medii
962 3224 1031 3288 aevi
1058 3224 1209 3308 spatium,
1244 3245 1338 3307 quam

207 3343 309 3409 dicere
330 3365 499 3430 possumus
520 3343 648 3407 illorum
670 3345 846 3427 temporum
868 3345 1038 3429 vulgatam.

290 3463 415 3549 Singuli
438 3463 561 3528 codices
583 3465 708 3548 praeter
722 3462 916 3528 Puteaneum
940 3463 999 3550 (P)
1024 3465 1055 3528 et
1070 3462 1337 3547 Bambergensem

208 3585 268 3671 (B)
292 3607 385 3668 quam
407 3583 641 3648 accuratissime
664 3582 885 3648 describuntur
905 3583 954 3648 hi:

356 3730 373 3769 r
408 3709 498 3768 codex
525 3709 625 3785 regius
652 3710 746 3768 musei
767 3708 931 3768 Britannici
959 3709 996 3768 15
1012 3707 1077 3780 CX,
1105 3706 1156 3782 qui
1183 3706 1255 3765 olim
1282 3707 1339 3766 fuit

408 3827 530 3888 claustri
561 3828 717 3887 Roffensis.
771 3828 867 3887 varias
899 3829 962 3886 eius
994 3828 1135 3886 lectiones
1168 3826 1289 3885 collatas
1322 3847 1339 3884 a

384 3948 543 4007 'Bentleio
566 3947 701 4022 supplevi
722 3947 754 4005 in
775 3946 926 4007 Addendis
950 3943 1029 4023 (vide
1051 3967 1079 4022 p.
1105 3943 1178 4023 284)

359 4070 374 4127 b
408 4068 498 4128 codex
519 4067 677 4126 Bemensis
695 4067 768 4139 156,
792 4067 874 4126 cuius
897 4067 1008 4125 variam
1030 4065 1187 4125 lectionem
1209 4065 1338 4141 primum

407 4189 548 4248 volumen
570 4188 689 4246 exhibet
710 4187 741 4245 in
762 4185 914 4245 Addendis

363 4310 382 4381 f
412 4307 503 4366 codex
525 4307 597 4366 olim
618 4305 817 4383 Frisingensis
842 4306 916 4377 196,
944 4305 995 4379 qui
1015 4324 1094 4364 nunc
1115 4305 1212 4364 estin
1234 4303 1337 4362 biblio-

407 4427 492 4486 theca
513 4411 684 4486 Monacensi
706 4426 839 4502 signatus
861 4442 985 4483 numero
1008 4426 1089 4485 6396
