3180 5176
490 459 582 502 sunm
604 459 780 500 renuamus
803 448 835 499 vi

178 613 226 673 cui
248 611 364 692 peperi;
389 612 430 672 sie
453 628 545 699 aequa
568 616 688 688 gemant
709 607 780 668 mihi
804 609 906 668 lunera
930 615 1039 668 matres

178 722 328 801 Ogygiae?
373 721 478 781 sternit
500 721 598 780 eriues
620 721 765 799 iteratque
788 718 951 797 precando:

179 831 326 901 ‘reddite
350 849 405 891 nec
429 849 498 891 vero
521 827 670 891 crudelem
694 828 866 907 avidamque
889 836 990 888 vocate

179 941 341 1018 sauguinis;
365 939 538 1002 occumbam
563 940 686 1018 pariter,
712 939 782 999 dum
806 937 925 999 vulnere
948 940 1024 1000 iusto
1172 942 1231 999 175

180 1059 344 1113 exsaturata
369 1049 484 1117 oculos;
510 1068 598 1110 uuum
622 1047 798 1128 inpellamur
820 1050 850 1108 in
873 1050 997 1126 iguem'

178 1163 220 1221 sia
242 1164 282 1222 ait
304 1160 495 1239 abruptisque
518 1160 658 1220 iumuluit
680 1177 731 1220 ore
755 1158 903 1236 querellis.
1107 1187 1149 1208 =
1174 1159 1233 1219 185

223 1269 325 1351 [Tatio
347 1271 518 1345 uociferans
540 1273 603 1330 alia
626 1271 663 1330 de
681 1277 773 1346 porte
791 1277 957 1345 yementem
1173 1273 1232 1330 177

178 1383 366 1460 Hypsipylen
389 1383 596 1458 (nequeenim
618 1383 671 1440 illa
693 1395 793 1441 comos
815 1397 870 1440 nee
888 1382 1017 1457 pectora
1039 1385 1154 1456 seruat)

179 1495 301 1567 aynoait
321 1494 425 1567 torpe,
448 1499 477 1551 et
497 1494 608 1552 socium
630 1492 789 1565 ineliquata
812 1491 957 1550 dolorem:

179 1603 252 1663 ‘boe
272 1605 389 1668 saltem.
413 1611 430 1661 u
449 1615 608 1680 proceres,
632 1611 720 1676 tuque
742 1618 774 1679 o,
796 1605 847 1662 eui
862 1604 994 1677 plynore
1014 1609 1114 1661 nostro
1174 1605 1235 1662 180

174 1713 414 1790 parturieras,
432 1703 588 1788 probibere
609 1711 713 1788 nefas,
737 1711 859 1783 auferte
880 1714 1027 1786 supremis
1052 1695 1056 1702 ”

94 1879 299 1891 ,.--.-.

94 2021 191 2063 vnum
212 2019 336 2062 Lucum.

285 2118 299 2159 i
308 2115 346 2156 eui
355 2112 420 2164 (man.
431 2116 452 2163 3)

182 2174 241 2231 172
262 2171 321 2247 unq
354 2173 375 2245 f
405 2167 416 2250 ΙΙ
451 2170 614 2246 gerauiP'
674 2173 733 2230 173
755 2173 932 2248 Ogygyue'B
968 2137 1094 2248 ¹(lgigiae
1112 2175 1134 2248 f
1150 2168 1160 2252 ΙΙ
1187 2175 1237 2230 ite·

93 2261 207 2336 ratique
229 2259 255 2312 B
270 2251 282 2337 ΙΙ
298 2257 447 2332 praeeundo
462 2258 489 2312 P
574 2257 633 2312 174
654 2275 703 2314 uec
724 2275 790 2314 uero
809 2259 831 2330 f
874 2275 923 2314 nea
944 2275 991 2314 eru
1007 2279 1024 2314 r
1039 2252 1050 2336 ΙΙ
1067 2267 1177 2315 uocatae
1196 2259 1237 2332 (ae

91 2349 122 2400 in
140 2342 246 2415 ras.)f
328 2343 387 2398 176
409 2342 576 2415 impellamur
594 2342 656 2414 fam
719 2359 821 2400 uersus
843 2345 882 2398 sie
903 2345 938 2399 ait
960 2343 1134 2418 abruptisque
1149 2346 1237 2400 inmu-

95 2431 148 2484 tuii
170 2445 217 2483 ere
240 2427 367 2502 querellis
389 2425 445 2496 (ora
462 2426 605 2500 quaerellil
618 2428 654 2497 P)
676 2443 708 2484 eo
730 2447 785 2500 yuo
802 2431 877 2486 edidi
894 2431 957 2484 loco
972 2433 1121 2500 reperitur
1135 2433 1163 2484 in
1181 2448 1236 2485 rano

92 2515 133 2584 P,
153 2516 291 2568 omittitur
306 2517 334 2568 in
354 2509 419 2566 ΒΜ.
452 2528 584 2567 uersuum
600 2517 790 2585 sequentium,
814 2516 863 2586 qui
876 2517 965 2580 xuncis
980 2516 1109 2570 euraclusi
1122 2517 1237 2570 litteris-

91 2615 151 2672 que
166 2601 314 2654 inclinatis
328 2603 393 2654 suat
409 2600 553 2667 expressi,
569 2599 641 2654 aluos
655 2605 801 2654 ectremos
811 2597 870 2654 184
887 2607 914 2654 et
927 2597 986 2654 185
999 2605 1053 2654 non
1071 2600 1186 2654 exbibet
1202 2599 1236 2669 P,

92 2699 194 2740 omnes
208 2683 280 2753 (177
290 2714 326 2720 -
341 2679 410 2752 185)
426 2683 630 2737 desiderantur
651 2687 681 2738 in
703 2690 841 2739 contentu
857 2685 964 2739 codicis
980 2684 1021 2754 Β,
1043 2685 1093 2738 sed
1107 2685 1147 2738 od
1159 2701 1236 2738 mor·

88 2773 186 2840 yinem
208 2770 270 2822 eius
284 2774 351 2822 sunt
366 2767 469 2836 scripti
484 2770 598 2836 primo,
621 2771 647 2822 si
661 2775 740 2824 recte
756 2770 849 2838 uideo,
872 2786 958 2823 manu
975 2786 1038 2824 eum
1054 2771 1237 2838 adnotatione

91 2855 166 2908 nac.-
196 2852 224 2906 lu
246 2850 431 2922 quaenunt
454 2850 514 2906 hilii
536 2853 630 2905 uerlul
649 2850 665 2906 r'r
682 2851 829 2915 habentur:
858 2856 957 2908 cuncti
976 2855 1111 2926 leyunlur
1130 2856 1159 2908 iu
1179 2855 1236 2908 edi-

93 2938 220 2993 tionibus
236 2943 263 2991 et
279 2941 320 2992 eis
333 2937 430 3006 libris,
445 2951 523 3006 ‘yaos
542 2938 638 2991 littero
654 2936 688 2992 M
709 2940 786 2993 soleo
802 2940 967 3008 complecti,·
992 2940 1100 2994 nullum
1122 2952 1162 2992 eae
1181 2940 1237 2993 illis

95 3023 229 3083 verubus
243 3025 454 3092 iuterpretatur
469 3021 634 3077 scholiasta.
665 3040 720 3077 non
737 3023 851 3077 dubiam
866 3023 936 3077 milri
949 3029 1007 3094 esi,
1023 3025 1090 3094 puin
1105 3023 1159 3077 boc
1174 3023 1237 3077 loco

96 3107 178 3162 uobis
193 3109 509 3178 occurratfiymentum
524 3122 627 3162 manus
641 3109 882 3178 interpolatricis‚
905 3122 979 3180 quae
995 3111 1141 3162 crassiore
1156 3123 1236 3162 masa

96 3193 200 3247 ludens
215 3192 255 3245 ad
268 3193 424 3263 maryinem
440 3191 607 3262 archetypi,
632 3193 706 3246 unde
728 3207 823 3248 omnes
844 3195 936 3247 nostri
956 3194 1068 3247 codices
1083 3199 1150 3247 sunt
1167 3209 1237 3262 pro-

93 3279 212 3349 payoii‚
237 3277 401 3347 Eurydices
423 3279 579 3330 orationem
596 3278 815 3347 amplificaverit
835 3283 862 3331 et
884 3292 1000 3332 eversu
1017 3277 1102 3332 Statii
1114 3280 1237 3350 yenuino

92 3363 133 3416 sic
149 3362 187 3415 ait
202 3360 377 3433 aluuptisque
400 3361 528 3414 inmutuit
544 3375 591 3414 ure
606 3360 733 3432 querellis
749 3364 871 3416 ulterram
890 3362 1094 3417 leemistieleium
1115 3365 1143 3416 in
1159 3366 1238 3416 eaitu

91 3447 246 3501 commenti
259 3444 351 3516 sru'(o.
372 3444 441 3514 185)
457 3449 582 3499 retinere
598 3449 726 3501 uoluerit.
755 3450 795 3501 iia
811 3454 906 3502 autem
922 3463 982 3501 rem
998 3463 1076 3517 esse,
1100 3463 1163 3501 eum
1179 3449 1236 3501 siu·

89 3532 225 3602 palorum
241 3532 392 3586 uerborum
407 3533 672 3602 sententiarumque
688 3534 813 3600 ineptiae
828 3539 894 3586 sunt
909 3520 1015 3586 indicte
1032 3538 1088 3587 tum
1105 3546 1236 3586 uersuum

93 3618 180 3684 urdo,
203 3631 285 3687 paena
306 3615 544 3694 deprehendimus
563 3618 592 3668 in
614 3617 759 3671 codicibus
779 3616 833 3670 PB
859 3619 900 3671 ito
920 3620 996 3672 iuter
1017 3632 1049 3672 se
1069 3619 1236 3686 discrepan-

94 3709 167 3771 tem,
188 3707 219 3755 ut
237 3700 331 3772 facile
351 3707 512 3770 appareat,
533 3717 619 3770 quom
640 3703 856 3756 sedem‘aersas
876 3703 918 3756 illi
938 3705 967 3756 in
990 3705 1138 3773 utriusque
1161 3702 1237 3756 codi-

88 3789 139 3841 cis
159 3786 319 3856 archetypo
340 3786 502 3840 debuerint.
540 3785 656 3840 viderie
678 3802 713 3840 eo
736 3789 998 3858 reproleyomena.
1110 3786 1167 3841 177
1189 3785 1238 3839 ulia
1307 3785 1311 3789 “

94 3863 236 3944 depelle]
254 3885 333 3925 exv.
350 3870 390 3924 84
479 3869 537 3924 178
554 3868 727 3942 llypliplrilen
742 3871 883 3943 moryoB
927 3869 1115 3945 llyliplrileuf
1154 3870 1238 3943 llipli·

95 3955 187 4028 plrileu
203 3971 219 4009 c
235 3946 248 4030 ΙΙ
263 3955 334 4008 euim
350 3973 402 4010 om.
420 3971 436 4009 c
452 3946 463 4030 ΙΙ
479 3953 523 4008 illa
540 3971 592 4008 om.
607 3953 628 4025 f
639 3948 649 4030 ll
667 3949 728 4030 nec]
746 3962 824 4010 aute
883 3955 941 4011 179
958 3955 1069 4028 agnovit
1083 3950 1179 4030 lunge]
1197 3971 1238 4012 ece

104 4041 187 4111 Very.
201 4041 271 4094 Aen.
286 4037 390 4110 71843,
410 4039 486 4094 Ouid.
499 4045 562 4094 met.
576 4037 597 4093 ll
610 4039 669 4094 719
686 4031 698 4114 ll
715 4046 742 4093 et
757 4057 841 4095 omn
852 4033 860 4116 ll
872 4040 968 4094 sotium
984 4058 1083 4112 moryo
1095 4041 1122 4094 B
1136 4033 1145 4118 ll
1160 4038 1237 4095 delo·
1278 4034 1282 4042 '

95 4118 168 4199 reru]
191 4122 308 4178 laborem
330 4142 346 4177 r
434 4123 494 4179 180
510 4140 526 4178 e
544 4127 675 4194 priorem
690 4143 742 4179 om.
765 4141 840 4180 unus
860 4125 932 4180 Bet.
951 4118 962 4201 l}
979 4126 1092 4198 pignora
1114 4125 1197 4180 nollri
1212 4125 1239 4179 P

161 4208 220 4264 181
236 4211 265 4271 iu
281 4209 308 4263 P
321 4211 484 4279 concipitur
498 4211 554 4262 sic:
575 4207 734 4264 Proturbaia
751 4211 803 4264 turi
818 4208 960 4282 prohibete
975 4210 1104 4282 lupremil
1116 4200 1129 4288 ll
1145 4217 1236 4282 partus

95 4287 199 4368 honos]
218 4310 257 4348 eae
275 4293 359 4349 inea.
373 4293 393 4346 ll
406 4292 465 4348 172
481 4293 629 4366 Xl183sp.
643 4286 652 4368 ll
663 4292 737 4348 nelas
753 4311 806 4349 om.
822 4312 921 4366 maryo
937 4295 964 4348 B
979 4293 1041 4362 (sed
1054 4297 1238 4350 interlineas

86 4395 155 4433 scr.
174 4370 231 4448 B3)
249 4377 283 4449 fe
370 4396 393 4434 a·
413 4378 470 4433 181
487 4395 547 4450 sqq.
563 4380 754 4449 interpolator
772 4379 935 4450 Eurydicen
951 4379 1076 4434 absurde
1092 4367 1236 4435 eonlradi·

95 4470 211 4519 centem
220 4463 371 4536 facit-suis
384 4467 476 4533 ipsius
490 4465 638 4535 precibus,
655 4465 756 4536 quibus
771 4482 796 4521 a.
812 4463 870 4520 169
882 4479 944 4536 epp.
961 4471 989 4520 et
1002 4463 1062 4519 174
1074 4481 1134 4537 sqq.
1151 4467 1238 4522 duces
