3182 5172
525 441 619 483 eram
641 441 818 484 unanimos
840 443 860 484 V

207 592 332 654 lloribus
355 599 385 652 ct
406 594 506 690 vernis
528 592 666 653 adsuetae
690 609 830 672 spargere
854 593 1016 673 nymphae,
1104 569 1108 577 ff

208 710 238 764 et
259 703 386 764 Nemees
408 709 543 783 reptatus
565 721 651 781 ager,
674 703 816 784 lucosque
838 721 893 783 ρετ
916 705 1012 764 omnis

207 814 355 875 silvicolae
378 815 472 875 lracta
494 815 650 892 gemuistis
671 814 837 876 harundine
860 814 951 875 launi.

206 928 270 1005 ipse
292 927 383 985 etiam
406 944 519 986 summa
543 927 601 986 iam
624 923 681 986 tela
705 933 881 1005 poposcerat
903 925 1004 986 aethra

205 1036 355 1117 luppiter,
380 1043 410 1097 et
432 1037 542 1097 dudum
566 1035 720 1116 nimbique
742 1036 916 1116 hiemesque
939 1036 1077 1107 coibant,

206 1149 235 1207 ni
262 1149 360 1208 minor
381 1148 424 1207 ira
449 1147 504 1207 deo
526 1147 721 1228 gravioraque
744 1147 802 1208 tela
826 1147 934 1208 mereri

204 1265 339 1319 servatus
360 1257 528 1337 Capaneus,
552 1260 625 1318 moti
648 1265 747 1320 tamen
770 1277 841 1320 aura
865 1260 999 1320 cucurrit

203 1368 337 1430 fulminis
359 1376 389 1428 et
411 1387 541 1430 summas
562 1368 668 1430 libavit
689 1371 799 1429 vertice
823 1371 937 1430 cristas.

246 1478 366 1559 lamque
389 1481 553 1559 pererratis
575 1478 680 1541 inlelix
702 1479 825 1541 Lemnia
848 1481 977 1559 campis,

204 1590 282 1651 liber
303 1598 336 1651 ut
358 1607 453 1668 angue
476 1591 573 1660 locus,
597 1591 714 1652 modico
737 1609 827 1670 super
850 1608 958 1669 aggere
981 1591 1067 1669 longe

203 1701 310 1780 pallida
333 1703 506 1779 sanguineis
527 1702 655 1762 iniectas
677 1701 796 1762 roribus
818 1701 928 1763 herbas

204 1813 358 1891 prospicit.
403 1812 461 1872 huc
485 1830 591 1890 magno
615 1831 735 1874 cursum
758 1814 834 1892 rapit
859 1813 949 1873 ellera
971 1812 1052 1874 luctu

205 1924 398 2002 agnoscitque
421 1895 522 1994 helas,
546 1931 702 2003 terraeque
725 1924 815 1985 inlisa
838 1926 957 1984 nocenti

203 2033 339 2093 fulminis
362 2035 392 2093 in
417 2053 530 2102 morem
554 2051 612 2093 non
636 2033 727 2094 verba
748 2037 780 2095 in
803 2035 909 2094 funere
931 2036 1043 2113 primo,

204 2161 263 2203 non
286 2143 426 2206 lacrimas
447 2143 554 2214 habet;
578 2146 743 2222 ingeminat
765 2145 874 2204 misera
897 2145 996 2206 oscula
1020 2152 1134 2206 tantum

205 2254 381 2315 incumbens
403 2256 578 2334 animaeque
600 2256 701 2332 lugam
723 2273 777 2333 per
799 2253 934 2314 membra
957 2261 1107 2334 tepentem
1199 2259 1260 2319 595

205 2367 322 2444 quaerit
344 2365 439 2426 hians
484 2384 543 2426 non
566 2385 618 2426 ora
639 2365 719 2434 loco,
744 2383 801 2426 non
825 2372 947 2444 pectora
971 2372 1101 2436 restant,

205 2484 288 2556 rapta
312 2479 403 2546 cutis,
428 2478 528 2537 tenuia
551 2495 615 2537 ossa
639 2483 741 2557 patent
762 2494 914 2556 nexusque
937 2475 1094 2537 madentes

117 2699 246 2740 TESTES·
269 2699 441 2742 Avcroltns.
465 2700 667 2742 IMITATORES.

187 2766 235 2814 581
249 2779 290 2828 sq.
311 2765 348 2818 cf.
362 2763 442 2814 Ovid.
457 2769 521 2815 met.
535 2766 635 2816 111992
649 2779 706 2829 sqq.
724 2763 801 2814 illum
819 2763 970 2828 ruricolae,
989 2763 1120 2814 silvarum
1138 2766 1259 2828 numina,

117 2832 198 2882 fauni
282 2836 310 2881 et
332 2832 468 2897 nymphae
492 2833 590 2882 flerunt
658 2835 707 2883 585
736 2832 931 2898 ‘gravioraque
954 2831 1010 2881 tela
1032 2832 1145 2883 mereri'
1174 2835 1259 2886 schol.

118 2899 207 2952 Theb.
227 2900 291 2949 145
360 2901 410 2950 587
428 2900 463 2950 cf.
483 2899 567 2950 Silius
585 2901 624 2950 IX
636 2901 686 2950 523
704 2901 801 2964 bisque
820 2899 865 2949 dei
884 2915 1002 2949 summas
1019 2900 1118 2951 libavit
1137 2899 1261 2967 (libravit

116 2966 209 3032 codd.)
230 2968 338 3018 turbine
357 2968 454 3018 cristas
523 2970 572 3018 593
586 2983 644 3033 sqq.
664 2968 700 3017 cf.
714 2969 844 3024 Lucanus
863 2968 1005 3032 1120eqq.
1025 2984 1192 3034 magnusque
1213 2987 1262 3035 ρετ

118 3050 212 3084 omnes
232 3035 337 3085 erravit
355 3037 414 3086 sine
435 3052 501 3086 voce
520 3035 604 3086 dolor.
640 3036 682 3086 sic
702 3036 797 3086 funere
821 3037 907 3100 primo
927 3036 1063 3086 attonitae
1081 3043 1193 3087 tacuere
1213 3040 1261 3088 do-

116 3118 178 3152 mus
240 3103 288 3152 sed
301 3119 360 3153 cum
373 3104 494 3154 membra
507 3105 606 3169 premit
618 3104 741 3169 fugiente
761 3105 882 3169 rigentia
899 3105 957 3155 vita
1020 3104 1135 3156 incubat
1153 3121 1260 3172 amens3

119 3172 229 3222 Seneca
242 3171 311 3226 Oed.
324 3188 352 3224 v.
366 3174 398 3223 56
415 3171 536 3236 fletuque
555 3172 654 3223 acerbo
667 3172 765 3223 funera
778 3177 807 3222 et
820 3176 916 3236 questu
936 3177 1032 3222 curent

117 3379 215 3422 vnma
236 3378 361 3420 onemo.

204 3447 267 3505 580
287 3437 410 3504 adsuetae
433 3448 507 3520 PBf
559 3449 676 3504 alluetae
697 3448 730 3503 M
814 3447 874 3506 581
897 3448 1006 3503 nemeel
1022 3446 1210 3524 (postremae
1230 3454 1261 3508 in

48 3569 53 3580 ·
118 3530 225 3605 raclf
241 3526 253 3610 ll
274 3533 396 3606 raptatus
413 3551 448 3588 rc
469 3550 545 3591 anas
564 3534 636 3589 Beb.
696 3534 858 3606 raeptatuls
875 3525 885 3611 ΙΙ
908 3527 975 3588 omis
993 3534 1021 3588 B
1078 3536 1208 3609 omnilfc

119 3618 213 3673 omnel
235 3616 296 3673 PM
377 3615 437 3674 582
463 3617 550 3690 tracte
574 3614 601 3674 P
629 3611 640 3696 ΙΙ
671 3619 818 3674 harundine
843 3618 947 3690 PBrfc
995 3618 1126 3676 arundine
1150 3639 1176 3676 m

119 3701 181 3759 583
197 3703 277 3757 etiam
293 3703 392 3758 lumma
407 3703 449 3758 Pr
461 3719 536 3760 anas
548 3703 620 3758 Beb.
666 3705 744 3758 etiam
758 3701 786 3779 ss
800 3705 899 3758 summa
916 3703 942 3758 B
985 3703 1064 3759 etiam
1080 3721 1094 3760 e
1110 3705 1209 3760 summa
1230 3707 1264 3762 M

161 3788 422 3842 etiamslummam
438 3781 448 3866 ΙΙ
470 3789 566 3844 tamP
585 3780 596 3865 ΙΙ
617 3786 724 3843 ethrac
768 3790 894 3843 Aetnam
910 3788 1051 3845 Bartbins
1137 3788 1197 3848 584
1219 3792 1260 3864 cf.

121 3865 208 3928 Theb.
224 3871 244 3926 X
261 3870 322 3928 914
338 3863 349 3948 ΙΙ
365 3872 512 3945 hiemisque
527 3873 554 3928 P
573 3865 584 3949 ll
606 3870 732 3928 cohibaut
747 3891 764 3927 r
850 3872 910 3930 586
926 3882 1003 3946 motu
1017 3890 1040 3928 π
1062 3867 1073 3951 ΙΙ
1094 3891 1156 3930 aura
1173 3874 1261 3947 (sectr

118 3953 207 4028 corr.)
230 3973 245 4011 e
332 3974 374 4012 ro.
398 3956 575 4014 587-593
597 3955 727 4012 Fulminis
745 3957 876 4012 -inlisa
897 3961 1005 4014 nocenti
1026 3960 1129 4015 desunt
1150 3964 1179 4017 ta
1194 3977 1260 4018 con·

119 4047 202 4098 teate
224 4036 332 4097 codicis
353 4057 384 4111 c,
418 4043 454 4097 ab
475 4045 533 4098 alia
554 4060 642 4098 mann
663 4048 730 4097 sant
751 4044 842 4098 additi
860 4046 888 4099 in
907 4046 1056 4115 particula
1077 4047 1261 4102 membranae

118 4134 270 4197 separata.
315 4124 423 4181 librauit
440 4126 541 4199 Brfcrr
556 4143 632 4183 nnus
647 4127 718 4202 Belo.
806 4126 866 4183 592
883 4125 1057 4202 hllgnolcitq.
1075 4129 1102 4184 B
1118 4122 1128 4207 ΙΙ
1149 4130 1213 4186 illila
1231 4130 1262 4185 M

204 4210 265 4267 595
287 4210 327 4283 cs.
353 4211 439 4267 Theb.
457 4211 577 4267 1111319
665 4210 725 4268 596
747 4209 840 4278 Querit
861 4212 906 4268 Bc
993 4214 1054 4272 597
1076 4213 1162 4289 Rupta
1183 4232 1233 4272 mm
1252 4208 1261 4292 d

119 4303 200 4351 tenua
218 4288 299 4368 Bf¹rr
314 4311 389 4353 nnus
405 4297 477 4352 Bet.
527 4298 617 4353 tenuia
638 4294 766 4368 (additae
777 4295 902 4369 fuerant
917 4300 992 4355 duae
1005 4304 1183 4372 posteriores
1197 4303 1259 4358 lite·

119 4395 191 4452 rae,
215 4398 280 4436 cam
295 4389 382 4437 antea
396 4384 544 4455 teperetnr
559 4390 639 4454 tenu,
663 4388 799 4456 sequente
813 4382 933 4455 lacuna)
954 4387 1031 4440 alter
1047 4384 1119 4441 Beb.
1169 4393 1260 4443 tenera

120 4484 147 4521 m
163 4466 225 4522 edd.
242 4471 309 4522 aare
326 4465 508 4523 Gronovinm.
533 4467 573 4539 cs.
591 4469 803 4527 adnotationem
819 4469 858 4524 ad
874 4468 959 4525 Theb.
977 4467 1097 4526 1111697
