3180 5176
523 413 617 456 STATI
639 415 818 458 THEBAIDOS
840 417 873 458 Vi

246 566 328 638 Quin
352 572 380 626 et
402 564 578 627 Thessalicis
600 563 670 626 felix
692 566 833 628 Admetus
855 565 892 628 ab
915 570 976 630 oris

196 679 254 737 vix
281 675 396 737 steriles
419 677 581 756 compescit
602 693 702 753 equas.
748 676 921 738 Centaurica
945 677 1047 740 dieunt

192 787 334 866 serapium
358 783 462 857 credo,
485 785 558 848 adeo
581 805 684 849 sexum
706 786 914 866 indignantur,
939 796 969 847 et
990 790 1087 850 omnis

192 899 231 959 in
260 899 340 959 vires
361 896 487 958 adduam
512 915 619 966 venus3
642 904 821 974 noctemque
843 897 1002 978 diemque
1198 904 1258 963 335

192 1007 398 1077 adsimulant,
422 1006 544 1095 maculis
566 1006 830 1086 internigrantibus
852 1006 950 1078 albae,

193 1127 307 1182 tantus
328 1127 455 1199 uterque
477 1117 573 1187 eolor;
596 1117 678 1178 credi
701 1136 756 1179 nec
778 1116 908 1196 degener
929 1116 980 1179 illo

192 1229 237 1290 de
263 1247 372 1308 grege,
396 1228 538 1291 Castaliae
559 1232 673 1309 stupuit
694 1230 746 1306 qui
768 1227 852 1290 sibila
875 1247 988 1290 cannae

192 1339 299 1401 laetus
322 1347 351 1401 et
374 1338 474 1400 audito
497 1341 677 1419 contempsit
698 1335 833 1420 Apolline
855 1339 945 1418 pasci.

240 1451 325 1511 Ecce
347 1459 377 1511 et
397 1447 550 1512 Iasonidae
571 1451 709 1518 iuvenes,
732 1467 808 1510 nova
830 1448 923 1528 gloria
946 1451 1049 1526 matris
1189 1455 1254 1515 340

189 1559 395 1641 Hypsipyles,
419 1558 537 1621 subiere
558 1561 640 1638 iugo,
665 1576 723 1637 quo
745 1568 845 1621 vectus
868 1566 1002 1637 uterque.

190 1689 313 1732 nomen
336 1688 389 1731 avo
411 1669 520 1748 gentile
542 1669 652 1746 Thoas,
676 1675 764 1748 etque
787 1670 886 1731 omine
907 1669 1002 1730 dietus

189 1782 321 1843 Euneos
343 1782 450 1858 Argoo.
495 1782 621 1858 geminis
643 1779 747 1842 eadem
769 1781 882 1841 omnia:
907 1779 1018 1850 vultus,

191 1909 325 1961 currus,
349 1893 429 1970 equi,
453 1899 563 1962 vestes,
586 1910 640 1971 par
662 1899 692 1953 et
713 1889 870 1952 eoncordia
892 1893 965 1960 voti,

191 2003 323 2064 vincere
337 1995 391 2061 'rel
414 1999 477 2062 solo
499 2001 622 2080 cupiunt
642 2020 659 2061 3
681 2002 772 2063 tratre
794 2001 932 2079 relinqui.
1193 2006 1254 2064 345

238 2113 268 2174 lt
283 2111 420 2174 Chromis
435 2111 709 2192 Hippodamusque,
732 2109 808 2172 alter
822 2119 902 2174 satus
916 2111 1043 2174 Hercule
1057 2131 1173 2192 magno,

190 2222 274 2284 alter
298 2220 336 2282 ab
359 2219 524 2289 Oenomao;
548 2220 680 2298 dubites,
702 2228 770 2282 uter
793 2219 883 2282 cllera
905 2230 1020 2302 presset

189 2335 282 2395 irena
305 2333 408 2410 magis.
453 2331 548 2392 Getici
569 2349 661 2411 pecus
683 2330 732 2392 hic
753 2331 916 2402 diomedia,
940 2331 1042 2394 atille
1091 2320 1097 2339 '

189 2444 295 2505 Pisaei
317 2443 383 2521 iuga
405 2443 499 2521 patris
512 2440 623 2518 hahet,
648 2440 817 2507 crudelibus
840 2441 927 2503 ambo

103 2632 236 2675 ΤΕΒΤΕΒ.
262 2631 435 2676 AVCTORES.
458 2630 661 2698 tollenonum

173 2717 226 2766 332
247 2715 286 2766 cf.
307 2712 367 2768 silv.
387 2713 410 2763 V
428 2717 459 2777 3,
478 2715 527 2765 272
545 2713 570 2762 si
587 2712 759 2764 Thessalicis
776 2713 909 2764 Admetus
930 2714 960 2763 in
984 2715 1038 2764 oris
1115 2717 1173 2765 ’333
1192 2714 1251 2766 ‘nix

107 2821 112 2832 .
132 2819 138 2829 .
157 2819 164 2832 .
186 2786 292 2848 equas*
312 2781 396 2832 schol.
414 2782 502 2834 Theb.
521 2781 560 2834 VI
577 2783 626 2831 461
694 2783 745 2833 345
762 2782 797 2832 cl.
809 2783 908 2836 Horat.
926 2786 978 2832 art.
990 2786 1064 2846 poet.
1077 2799 1102 2834 v.
1116 2785 1166 2832 417
1184 2783 1251 2832 mihi

106 2853 185 2914 turpe
204 2849 329 2916 relinqui
347 2853 390 2900 est

116 3039 208 3083 vania
232 3037 362 3085 LEOTIO.

81 3189 84 3198 ,
190 3137 491 3216 continuares
587 3142 647 3200 333
668 3135 808 3219 namq
826 3137 1027 3220 conpescunt}
1043 3111 1169 3215 elneus

109 3225 168 3282 334
189 3228 317 3287 Saemine
338 3229 366 3284 B
386 3222 397 3306 ΙΙ
419 3228 501 3285 credo
522 3222 602 3305 adeo]
626 3228 706 3284 credo
726 3227 851 3301 equidem
870 3245 919 3284 nm
941 3221 951 3304 ΙΙ
974 3223 1119 3303 indignari
1132 3228 1160 3283 B

108 3310 167 3370 336
183 3315 354 3371 Adiimulant
368 3313 442 3386 PBs
478 3313 636 3369 hilimulant
648 3313 680 3368 M
695 3306 715 3390 ΙΙ
713 3311 781 3368 albe
795 3313 822 3368 P
885 3331 926 3370 no.
940 3313 1106 3372 337-339
1099 3317 1251 3432 aiepagrecti

108 3456 173 3505 sunt
188 3451 293 3510 Gniete
368 3449 429 3507 338
445 3449 565 3504 castaliae
583 3448 633 3504 Pm
647 3449 720 3505 Beli.
739 3448 766 3504 1
784 3447 802 3503 2
846 3449 949 3505 castalio
962 3451 1065 3522 foai
1021 3450 1127 3506 caitabo
1143 3448 1170 3520 (o
1181 3457 1249 3520 post

109 3533 177 3609 rus.)
199 3535 229 3590 B
290 3535 396 3590 castalio
419 3530 538 3610 (castolio
559 3529 584 3607 r)
606 3534 638 3591 M
657 3534 828 3605 scholiasta,
853 3537 904 3607 qui
922 3539 1067 3593 existimet
1086 3537 1132 3592 hie
1152 3552 1198 3607 cpi
1195 3537 1248 3590 de

109 3616 214 3690 Papusi
225 3621 320 3692 prote,
338 3627 365 3676 et
381 3622 513 3676 uidentur
528 3636 592 3675 cum
607 3636 640 3676 eo
652 3619 758 3690 secere
773 3623 950 3677 recentiores
962 3624 1135 3692 interpretes
1149 3621 1247 3675 distin-

108 3711 227 3772 guentes
242 3709 273 3772 in
288 3705 456 3761 editionibus
470 3707 528 3760 sic:
550 3702 583 3759 de
599 3719 683 3776 grege
699 3703 842 3776 Castaliae,
863 3707 968 3779 stupuit
984 3707 1029 3778 qui
1045 3705 1121 3761 sibila
1136 3719 1245 3764 cannae.
1277 3771 1280 3780 ¹

110 3792 139 3840 et
152 3790 238 3863 iunpe
252 3792 349 3862 potius
364 3789 491 3845 Castaliae
506 3803 621 3870 333333,
636 3805 711 3860 quue
726 3795 769 3845 est
781 3791 882 3862 fistula
897 3791 1050 3864 Apollinis,
1067 3793 1150 3848 euius
1164 3789 1246 3846 sibila

109 3875 217 3942 stupuit
236 3889 313 3948 prex
333 3877 381 3932 ille
405 3874 601 3943 Thessalicus,
622 3889 687 3928 cum
707 3875 778 3930 deus
797 3870 913 3931 Admeto
932 3877 1132 3948 famularetur
1355 3924 1360 3931 .

111 3952 169 4012 339
185 3959 319 4035 apollinae
333 3955 419 4036 palcis
433 3959 462 4014 B
528 3958 590 4015 340
604 3958 628 4012 ia
630 3957 722 4013 ionide
736 3959 763 4016 P
777 3952 788 4036 ΙΙ
804 3960 849 4031 gia
865 3959 893 4014 Β
957 3958 1016 4016 341
1034 3959 1182 4034 Hyplipilei
1193 3959 1247 4014 PB

192 4041 364 4118 Hypliphilei
379 4036 428 4122 fil
449 4041 587 4099 subiere
580 4057 645 4116 rugo
670 4051 816 4118 provectus
841 4052 956 4117 uterque
982 4045 1125 4102 Bartbius

112 4121 170 4180 343
185 4123 329 4185 Cuneuiu
370 4128 480 4184 Eunool
492 4127 655 4185 uuusBeh
711 4126 772 4185 344
787 4122 916 4213 gqurPll
932 4130 1043 4186 uotilP
1018 4127 1247 4186 Peterin

113 4200 120 4281 ll
140 4208 205 4266 lolio
227 4230 243 4268 3
265 4207 276 4292 ΙΙ
298 4217 438 4290 capiuntr
523 4211 583 4271 346
599 4227 684 4269 crouu
685 4213 742 4298 fc
758 4207 769 4292 ΙΙ
785 4206 937 4289 hippodam
940 4210 1007 4293 qus
992 4215 1051 4271 eB
1105 4213 1245 4287 hyppoda·

94 4293 258 4369 -musquec
356 4298 416 4358 347
439 4299 574 4355 oemaior
631 4313 775 4416 euomaoc
801 4293 812 4378 ΙΙ
833 4301 968 4375 pressitP
1021 4299 1160 4375 predicte

115 4406 172 4468 348
187 4422 215 4470 et
233 4418 279 4475 ille
299 4435 375 4476 unus
389 4420 462 4476 Belo
548 4416 608 4475 349
624 4417 668 4474 Pil
666 4431 745 4492 eroga
760 4418 788 4475 P
841 4419 928 4475 Pilei'
921 4435 984 4493 ruga
999 4436 1015 4476 3
1032 4412 1043 4496 ΙΙ
1058 4417 1118 4475 abet
1133 4419 1161 4473 B
