3182 5172
517 410 609 460 arsur
631 411 808 474 unanimos
830 413 851 454 v

199 561 361 638 agricolae,
385 539 434 622 cul
456 579 527 622 cura
552 561 607 621 loci
631 568 658 621 et
681 561 869 623 silvestribus
891 565 952 624 aris

198 690 311 751 pauper
333 671 441 742 honos;
465 690 543 733 nnnc
567 671 617 732 ille
640 671 689 733 dei
712 673 899 733 circumdare
922 674 1032 754 templa

198 781 271 842 orbe
294 800 366 860 rago
388 782 505 853 labens,
529 771 657 843 miserae
680 802 759 844 nunc
781 783 890 844 robora
913 784 1003 845 silvae

168 880 170 884 ¹
197 895 298 954 atterit
320 900 350 954 et
370 900 466 954 vastas
487 901 590 954 tenuat
612 893 817 973 complexibus
837 913 936 956 ornos.
974 937 977 952 ι

197 1023 286 1084 saepe
309 1022 400 1085 super
421 1005 527 1065 lluvios
548 1007 684 1082 geminae
706 1006 785 1066 iacet
807 1023 914 1083 aggere
937 1008 1021 1085 ripae

196 1117 368 1184 continuus,
392 1117 580 1195 squamisque
603 1117 714 1176 incisus
736 1115 888 1177 adaestuat
910 1119 1022 1187 amuis;

200 1224 342 1305 [quantus
364 1225 401 1286 ab
425 1229 535 1286 arctois
559 1223 748 1287 discriminat
769 1226 891 1288 aethera
913 1227 1053 1306 plaustris

197 1339 302 1414 anguis
325 1343 354 1396 et
378 1324 470 1416 usque
493 1344 579 1398 notos
601 1336 789 1417 alienumque
812 1340 873 1397 erit
895 1339 925 1397 in
948 1337 1068 1407 orbem,

137 1487 140 1490 -
197 1455 324 1526 quantus
347 1454 377 1507 et
398 1447 448 1508 ille
471 1449 557 1513 sacri·
572 1449 795 1526 spirislintorta
816 1447 954 1508 movebat

196 1575 308 1618 cornua
330 1558 469 1627 Parnasi,
494 1559 587 1618 donec
610 1557 681 1630 tibi,
705 1556 806 1627 Delie,
828 1559 904 1619 fixus
1023 1642 1027 1650 Ι

196 1671 277 1729 vexit
299 1669 517 1730 harundineam
538 1676 665 1729 centeno
688 1668 810 1729 vulnere
833 1667 962 1748 silvam]
1007 1725 1009 1734 s

196 1779 248 1839 sed
270 1797 365 1849 nuno,
389 1780 494 1858 Ogygii
517 1781 607 1840 iussis
628 1780 746 1858 quando
768 1781 866 1839 curnis
888 1778 1006 1864 anhelat

195 1897 276 1949 terra
300 1890 348 1950 dei
371 1890 566 1970 trepidaeque
589 1889 735 1950 latentia
757 1891 879 1968 pulvere
902 1889 1063 1969 nymphae,

194 2001 311 2060 saevior
334 2001 470 2062 anfractu
491 2000 618 2061 laterum
640 2001 759 2060 sinuosa
781 2007 959 2080 retorquens
1140 1981 1143 1988 ,

108 2225 236 2266 TESTES·
259 2225 428 2267 Avcrouus.
451 2223 655 2266 IMI'I'ATORES.

177 2323 227 2372 529
245 2322 281 2371 cf.
294 2321 374 2372 ovid.
392 2328 456 2372 met.
476 2323 518 2372 III
535 2324 570 2372 44
581 2337 621 2387 sq.
639 2326 772 2387 tantoque
792 2327 834 2372 est
853 2337 965 2387 corpore
985 2327 1100 2386 quanto,
1121 2323 1251 2372 citatum

110 2396 235 2455 spectac,
265 2390 389 2454 geminas
413 2392 460 2454 qui
484 2397 597 2454 separat
620 2395 724 2451 arctos;
752 2390 835 2440 Silius
857 2388 899 2440 111
923 2392 971 2439 192
989 2405 1029 2454 sq.
1055 2395 1176 2454 quantus
1197 2405 1252 2440 nou

109 2475 217 2523 aequas
240 2457 388 2522 perlustret
411 2459 526 2508 flexibus
550 2463 642 2508 arctoe
665 2464 693 2508 et
716 2459 853 2524 geminum
876 2457 957 2522 lapsu
980 2459 1055 2508 sidus
1079 2457 1253 2522 circumligat
1317 2509 1322 2516 ,

109 2527 209 2592 anguis
278 2528 328 2576 520
342 2523 400 2592 sqq.
420 2526 457 2576 cf.
471 2527 552 2592 Verg.
572 2542 663 2592 georg.
685 2528 727 2578 III
744 2529 794 2577 432
811 2541 871 2591 sqq.
890 2531 1036 2592 postquam
1055 2530 1154 2578 exusta
1172 2525 1252 2591 palus

107 2735 209 2776 VARIAv
226 2733 351 2804 LEG'l'IO·

196 2836 256 2894 513
272 2807 305 2894 dd
321 2835 340 2908 (i
356 2835 374 2892 3
390 2834 478 2906 man.)
494 2836 522 2890 B
608 2834 669 2893 514
690 2834 760 2892 Urbe
776 2828 817 2890 Β1
839 2828 851 2914 11
873 2794 1043 2913 uagdsdbenl
1056 2836 1084 2891 B
1105 2828 1116 2912 11
1138 2836 1250 2891 miserae

109 2930 258 2994 suspectat
279 2920 422 2984 Bartbius
443 2923 521 2977 nullo
542 2923 606 2977 iare
627 2914 638 2998 11
661 2919 701 2990 ef.
727 2921 813 2976 Theb.
836 2919 923 2977 1564
1009 2921 1070 2977 515
1092 2917 1203 2997 11151511
1224 2920 1251 2975 Β

152 3008 279 3079 itteritf
361 3004 421 3062 516
444 3005 528 3078 Sepae
548 3007 598 3080 lup
620 3003 725 3076 lluuios
741 3004 797 3079 (iol
811 3012 879 3077 post
898 2993 959 3063 rus.
982 3023 1058 3062 man.
1082 3004 1118 3078 3)
1141 3007 1166 3060 B
1311 3059 1313 3074 ,

110 3092 171 3149 517
193 3092 342 3165 luarnitquc
359 3090 380 3161 f
397 3083 408 3168 11
430 3091 556 3146 incensus
577 3091 761 3147 Schraderus
782 3083 793 3168 11
817 3090 937 3146 adestuat
954 3091 989 3162 fc
1075 3109 1100 3147 a.
1122 3090 1249 3164 oae‘sq.

108 3179 221 3251 hydrae
242 3184 269 3233 et
289 3179 426 3234 draconis
446 3179 528 3247 sipara
550 3175 778 3247 confunduntur.
809 3179 913 3250 unquis
933 3179 1021 3245 enim,
1046 3179 1096 3248 qui
1107 3192 1162 3247 per
1177 3177 1251 3232 duas

111 3269 209 3319 arctos
227 3265 370 3335 flectitur,
395 3278 451 3316 555
474 3263 534 3316 exit
549 3263 577 3316 ira
595 3263 718 3316 alienam
740 3262 835 3317 arbem
851 3276 933 3334 quem
949 3262 1048 3317 dicuat
1062 3264 1183 3330 notium,
1207 3263 1249 3317 at-

111 3358 156 3404 ter
177 3350 292 3420 appuis,
317 3351 367 3420 qui
388 3346 477 3400 tendit
492 3346 639 3416 adpotum
654 3349 774 3416 notium,
799 3362 935 3402 ursarum
950 3349 1092 3419 repionem
1113 3363 1170 3402 555
1186 3353 1249 3402 155-

108 3437 158 3508 511.
189 3435 285 3504 itaque
301 3448 341 3488 erc
355 3432 465 3487 555555
480 3433 568 3502 signis
583 3448 670 3487 unum
682 3431 766 3503 fecit,
783 3434 834 3504 qui
846 3434 916 3487 istos
932 3447 1032 3487 uersus
1048 3434 1250 3502 composuerit.

111 3533 192 3593 quem
213 3535 269 3577 555
288 3513 384 3589 faisse
400 3515 522 3571 Statium
544 3521 570 3570 et
592 3533 626 3571 ea
648 3532 681 3572 re
697 3517 855 3586 probatur,
880 3517 956 3588 quod
975 3519 1000 3571 is
1013 3517 1138 3572 siderum
1154 3519 1250 3588 capnt·

113 3607 186 3660 tione
202 3605 304 3674 optime
318 3605 491 3658 instructum
506 3601 610 3674 ubique
625 3616 657 3656 se
669 3602 805 3671 praebet,
823 3607 851 3656 et
866 3617 899 3657 eo
910 3601 1091 3672 probabilius
1104 3603 1152 3672 fit,
1175 3602 1252 3672 quad

111 3697 211 3745 versus
226 3684 393 3756 525-534
409 3687 502 3740 sedem
517 3688 547 3740 in
561 3687 643 3742 tibris
657 3687 781 3742 obtinent
795 3687 1012 3757 ineptissimam,
1038 3689 1170 3742 nimirum
1186 3686 1250 3741 otim

111 3775 281 3844 transcripti
294 3787 334 3828 erc
348 3773 476 3842 margine
497 3770 651 3843 archetypi
664 3773 792 3827 codicum
806 3777 980 3828 nostrorum.
1009 3777 1039 3826 at
1054 3772 1140 3826 votuit
1160 3773 1249 3826 iater-

107 3863 237 3931 patator‚
263 3860 294 3913 ui
305 3857 412 3928 fallor,
437 3871 538 3911 versus
553 3872 620 3912 suos
635 3857 776 3912 collocari
790 3862 858 3927 post
874 3875 898 3912 5.
915 3856 993 3926 517,
1017 3870 1110 3928 quare
1131 3857 1249 3911 consitio

112 3947 172 4000 eius
186 3944 337 4013 indatpens
351 3942 413 4000 huc,
426 3944 601 4011 transposui.
690 3939 750 3997 529
771 3935 913 4016 plaustris]
936 3941 1032 4014 pennis
1045 3959 1061 3994 r
1109 3939 1196 4012 plagit
1209 3937 1248 4011 (tu
1280 3951 1284 3960 ⁴

112 4047 199 4100 morp.
215 4027 349 4100 plaustris)
363 4041 386 4079 5
473 4023 534 4081 530
556 4025 658 4098 Anguis
671 4024 703 4080 ad
719 4026 802 4098 utque
818 4042 875 4081 rcrr
891 4026 953 4081 edd.
970 4028 1035 4081 inde
1051 4043 1068 4080 5
1086 4025 1226 4080 Gronoaio
1241 4016 1258 4101 11

112 4113 245 4168 nothoic
275 4104 286 4187 11
317 4110 432 4165 alienum
460 4110 544 4164 exiuit
563 4109 594 4165 in
615 4109 746 4182 orbemf
799 4107 872 4184 exit]
901 4118 972 4165 errat
993 4125 1069 4166 anus
1090 4110 1163 4165 Beiz.

113 4189 274 4254 531tacril
294 4213 309 4252 e
396 4193 456 4251 532
487 4195 591 4268 parnasi
620 4195 698 4266 Brse
755 4195 870 4268 parnasii
895 4195 948 4250 Pm
1033 4193 1095 4251 533
1122 4193 1249 4249 harundi-

112 4348 185 4388 neam
214 4331 303 4387 PBre
346 4329 517 4386 arundineam
545 4329 577 4384 M
605 4323 616 4408 1
647 4306 760 4386 ndluerc
788 4330 814 4385 P
898 4329 959 4387 519
990 4329 1137 4403 traepideq·
1170 4329 1198 4384 B

114 4416 245 4491 trepidpq.
260 4417 281 4488 f
362 4413 424 4472 520
446 4413 541 4471 Senior
557 4429 573 4470 e
589 4407 600 4492 11
616 4415 780 4487 amfractus
