3202 5164
656 443 850 492 PRAEFATIO

188 606 293 678 Veneti.
330 683 333 696 ,
383 603 528 665 editiones
550 602 683 662 Venetae
816 652 819 668 ,

182 725 269 786 Aldu.
295 785 300 796 ,
385 723 530 782 editiones
552 721 679 780 Aldinae

182 864 212 902 ra
382 841 471 901 lectio
502 841 551 901 vel
586 840 673 900 unius
709 840 779 898 libri
813 840 924 915 peioris
959 840 1047 900 notae
1078 839 1127 899 vel
1159 857 1318 914 paucorum

383 960 432 1020 vel
473 959 592 1019 silentio
631 959 793 1035 propagata
828 977 845 1015 a
880 958 1028 1034 prioribus
1064 957 1101 1016 ad
1141 958 1319 1017 recentiores

385 1077 529 1138 editiones
557 1046 559 1058 ¹

267 1192 396 1274 Libros,
425 1189 478 1274 qui
499 1190 596 1254 nullis
619 1189 776 1254 scribendi
803 1190 998 1274 compendiis
1020 1190 1055 1254 in
1076 1190 1162 1254 varia
1182 1190 1319 1255 lectione

184 1313 365 1397 signantur,
388 1330 454 1372 non
476 1329 556 1392 opus
579 1309 628 1374 est
642 1329 841 1394 enumerare,
863 1330 965 1393 neque
987 1330 1136 1374 excusare
1158 1330 1236 1392 opus
1259 1312 1316 1392 cst,

185 1430 268 1515 quod
288 1427 413 1494 Barthii
439 1426 619 1511 mendacia,
649 1427 762 1511 quibus
792 1449 901 1492 omnes
929 1427 1059 1511 fefellit,
1087 1430 1119 1494 et
1145 1427 1197 1492 hic
1226 1429 1319 1492 etin

183 1550 287 1615 variae
309 1545 457 1612 lectionis
479 1566 610 1629 corpore
628 1546 754 1611 silentio
768 1545 998 1630 praetermitto
1031 1549 1064 1610 at
1077 1546 1152 1611 nolo
1172 1545 1317 1611 hocloco

181 1673 286 1734 tacere
301 1664 441 1732 Bentleii
463 1664 501 1729 de
523 1663 663 1730 editione
677 1665 804 1749 merita,
828 1665 915 1732 cuius
931 1665 1075 1751 egregias
1098 1665 1317 1748 correctiones,

181 1809 244 1852 una
271 1807 343 1851 cum
364 1784 452 1848 varia
480 1783 623 1847 codicum
649 1783 785 1848 lectione
813 1784 846 1847 in
874 1783 1071 1868 marginibus
1100 1783 1236 1867 exempli
1258 1782 1318 1848 Ge·

182 1905 319 1969 verbani
348 1900 511 1987 (lugduni
539 1900 731 1965 Batavorum
762 1901 855 1987 1616)
887 1901 986 1985 ipsius
1013 1923 1110 1966 manu
1141 1900 1317 1984 adnotatas,

185 2021 335 2104 plurimas
368 2021 401 2084 in
432 2022 554 2085 textum
585 2021 723 2104 recipere
755 2041 822 2084 non
856 2019 1014 2102 dubitavi,
1051 2019 1127 2084 item
1159 2018 1346 2083 Johannis·

185 2139 370 2223 Schraderi,
397 2138 483 2204 cuius
509 2138 745 2204 emendationes
771 2139 903 2202 selectas
924 2137 1084 2222 Hauptius
1110 2138 1158 2202 vir
1184 2137 1317 2202 clarissi-

182 2279 252 2322 mus
295 2257 432 2342 primum
470 2257 645 2342 publicavit
685 2257 720 2321 in
764 2257 843 2322 actis
872 2255 1068 2322 ‘academiae
1101 2257 1318 2322 Berolinensis

183 2397 290 2440 mense
327 2374 496 2441 Decembri
533 2376 608 2441 anni
647 2375 736 2440 1861.
792 2378 956 2460 praeterea
991 2377 1133 2460 quamvis
1170 2375 1318 2460 exiguum

184 2497 329 2578 suscepto
363 2496 452 2579 operi
485 2494 660 2560 subsidium
690 2494 835 2560 adiunxit
869 2494 1062 2560 bibliotheca
1099 2495 1190 2580 regia
1221 2491 1317 2558 Bero-

181 2613 329 2698 linensis3
362 2635 437 2678 usus
464 2615 550 2686 enim
576 2636 663 2697 sum,
697 2635 776 2696 quae
808 2613 853 2678 ibi
883 2613 1091 2678 adservantur
1122 2635 1161 2678 ex
1186 2611 1317 2678 Senteni

181 2732 302 2817 legato,
331 2732 486 2816 excerptis
515 2732 640 2798 Nicolai
668 2731 794 2797 Heinsii
822 2731 893 2816 (ms.
917 2731 1005 2797 Diez.
1029 2731 1068 2796 B.
1091 2731 1179 2798 Sant.
1201 2731 1256 2814 81)
1286 2734 1319 2794 11

182 2850 453 2916 emendationibus
474 2852 609 2916 loannis
629 2850 797 2935 Peyraredi
820 2850 948 2915 ineditis
972 2853 1043 2936 (ms.
1060 2849 1148 2915 Diez.
1172 2848 1210 2913 B.
1227 2847 1315 2914 Sant.

184 2970 258 3054 117)
315 2974 351 3035 et
371 2970 475 3034 multo
494 2970 647 3035 maiorem
669 2973 701 3034 et
729 2969 971 3044 luculentiorem
992 2969 1130 3034 fructum
1151 2967 1191 3032 ad
1215 2968 1317 3032 nostri

182 3109 305 3172 quoque
326 3089 446 3153 laboris
461 3088 599 3172 aliquam
620 3087 745 3152 laudem
760 3089 906 3154 existimo
929 3087 1104 3154 redundare
1119 3089 1158 3152 de
1173 3087 1316 3171 exemplo

182 3205 1317 3291 quodameditionisBipontinae,quodhodieservaturBeroliniinappa

182 3328 250 3390 ratu
261 3324 502 3410 archaeologico
517 3326 733 3391 universitatis
754 3325 934 3392 litterariae.
963 3303 1055 3391 istius
1073 3327 1146 3402 libri
1157 3324 1317 3409 margines

180 3440 276 3508 variis
288 3444 485 3528 temporibus
493 3445 641 3528 varioque
655 3445 728 3509 stilo
736 3446 845 3510 eadem
858 3443 1318 3531 praetexitmanushautparva

179 3565 329 3627 notarum
350 3562 666 3648 emendationumque
690 3564 791 3647 copia.
833 3585 912 3647 quae
934 3564 1022 3629 cuius
1043 3563 1103 3628 viri
1125 3561 1165 3626 ab
1186 3561 1316 3648 ingenio

160 3681 370 3765 manaverit,
399 3682 521 3747 indicet
541 3683 653 3748 titulus
675 3683 710 3746 in
722 3682 827 3766 prima
848 3682 920 3747 libri
940 3681 1071 3768 plagula
1092 3681 1227 3765 scriptus
1249 3679 1316 3745 hic:

181 3799 251 3865 Car.
262 3799 445 3866 Lachmann
457 3800 634 3885 Brunsvic,
649 3800 821 3887 Gottingae
832 3822 861 3865 a.
875 3802 904 3866 d.
915 3801 962 3866 XI
972 3825 1013 3866 m.
1024 3801 1100 3865 lun.
1111 3798 1315 3865 MDOGOXI.

180 3921 215 3982 et
228 3918 292 3982 nisi
306 3919 419 3984 titulus
431 3922 525 4003 atque
537 3942 648 3986 manus
660 3905 819 3984 auctorem
834 3923 1040 4004 monstraret,
1055 3939 1316 4004 cognosceremus

180 4036 259 4121 ipsis
288 4037 558 4102 adnotationibus.
591 4043 668 4104 tam
696 4040 771 4103 sunt
797 4037 912 4123 dignae
941 4039 1048 4103 divina
1073 4037 1211 4102 hominis
1240 4037 1316 4101 divi·
1349 4130 1354 4140 ι

178 4157 308 4220 natione
330 4156 502 4240 plurimae,
525 4179 714 4242 quamquam
735 4160 859 4241 partem
882 4156 922 4221 ab
943 4157 1055 4221 iuvene
1072 4156 1221 4242 scriptam
1246 4177 1315 4220 csse

179 4278 320 4356 constat3
350 4270 536 4360 tantumque
559 4277 647 4341 abest
674 4279 709 4341 ut
737 4280 890 4360 metuam,
917 4297 958 4340 ne
985 4276 1081 4360 impie
1103 4279 1135 4341 11
1162 4269 1315 4360 intempe-

178 4397 288 4458 ranter
309 4416 369 4480 ego
396 4396 510 4461 fecisse
532 4419 659 4482 arguar,
690 4397 773 4480 quod
801 4417 910 4461 omnes
932 4395 998 4460 fere
1025 4395 1153 4481 depinxi
1176 4395 1314 4482 (omissis
