3202 5164
552 447 643 514 arari
667 447 843 490 rnenemos
867 451 878 490 1

228 603 306 658 stare
328 595 410 666 lace,
434 597 582 673 sociisque
605 615 705 656 comes
727 595 876 658 discordia
898 598 1006 675 regnis.

229 708 271 768 sic
294 707 345 767 ubi
367 705 497 768 delectas
519 725 573 786 per
597 713 678 768 torva
701 715 834 768 armenta
849 708 988 768 iuvencus

229 817 357 896 agricola
379 819 519 896 imposito
542 819 656 879 saciare
678 803 805 879 adfectat
826 823 940 888 aratra,

228 929 271 988 illi
293 928 492 1006 indignantes,
517 931 582 1008 quis
604 928 737 990 nondum
759 947 877 990 vomere
899 928 991 989 multa

230 1039 321 1100 ardua
344 1039 473 1100 nodosas
496 1040 594 1099 cervix
617 1039 773 1100 descendit
794 1042 825 1100 in
848 1059 961 1113 armos,

229 1152 259 1210 in
282 1149 398 1210 diversa
421 1148 543 1209 trahunt
564 1156 652 1229 atque
675 1151 777 1228 aequis
800 1150 914 1210 vincula
936 1149 1036 1210 laxant

230 1259 341 1319 viribus
364 1265 393 1319 et
414 1261 495 1320 vario
517 1260 702 1320 confundunt
723 1261 815 1320 limite
837 1260 944 1321 sulcos.

231 1369 311 1430 haud
333 1388 419 1430 secus
440 1370 601 1431 indomitus
622 1389 768 1450 praeceps
791 1371 938 1432 discordia
959 1371 1067 1432 fraires

231 1487 368 1560 asperat..
388 1480 495 1541 alterni
519 1480 631 1560 placuit
652 1481 706 1542 sub
729 1481 844 1560 legibus
867 1483 937 1542 anni

232 1592 321 1652 exilia
344 1597 460 1652 mutare
479 1591 594 1652 ducem.
624 1595 667 1653 sia
689 1594 754 1653 iure
777 1592 906 1669 maligna

126 1749 132 1759 .
174 1697 177 1702 '
232 1703 381 1762 fortunam
403 1704 530 1763 transire
552 1702 670 1773 iubent,
695 1709 726 1762 ut
748 1710 866 1782 sceptra
888 1711 1062 1768 tenentem„

231 1813 351 1874 laedere
373 1815 529 1892 praecipiti
550 1832 670 1892 semper
692 1832 784 1874 novus
807 1821 930 1890 angeret
951 1813 1050 1873 heres.

231 1924 306 1983 haec
327 1923 405 1984 inter
420 1923 530 1984 fraires
551 1925 647 2002 pietas
670 1932 747 1994 erat,
770 1923 844 1984 haec
866 1942 949 1984 mara
972 1940 1087 2002 pugnae

233 2033 296 2094 sala
320 2051 375 2092 nec
397 2034 431 2094 in
451 2051 552 2112 regern
575 2033 771 2113 perduratura
795 2034 968 2095 secundum.

232 2151 261 2204 et
282 2142 414 2204 nandum
437 2161 538 2204 crassa
560 2144 710 2222 laquearia
732 2144 804 2206 lclta
828 2143 961 2216 metallo,

231 2253 382 2314 montibus
405 2261 455 2314 aut
478 2254 536 2314 alte
560 2256 644 2316 Grais
668 2255 766 2316 effulta
789 2254 923 2316 nitebant

232 2366 320 2433 atria,
344 2371 499 2440 congestas
522 2367 592 2425 satis
614 2365 786 2445 explicitura
810 2365 934 2426 clientis.

232 2481 292 2535 nan
314 2475 466 2554 impacatis
489 2494 592 2554 regum
616 2475 800 2554 advigilantia
824 2477 935 2536 samnis

147 2787 273 2831 resins.
297 2785 468 2827 AVCTORES.
493 2784 694 2826 IMITATORES.

216 2885 264 2935 145
278 2885 314 2934 cf.
333 2882 401 2933 silv.
413 2883 456 2934 III
474 2885 501 2943 1,
523 2883 539 2932 5
557 2882 693 2949 Graisque
713 2883 808 2932 effulta
827 2883 947 2933 metallis
966 2882 1086 2933 culmina

147 3039 350 3050 ’.φη-...φφ

146 3161 243 3205 VARIA
264 3159 389 3202 LEOTIO.

213 3253 374 3327 maregni
398 3254 566 3310 Granaaiua
589 3255 642 3310 sed
661 3253 702 3326 cf.
729 3252 806 3309 Ouid.
831 3254 900 3310 Met.
921 3252 942 3305 V
965 3252 1025 3310 378
1049 3271 1091 3326 sq.
1116 3252 1161 3310 ‘at
1184 3259 1213 3310 ta
1234 3269 1289 3324 pra

148 3344 233 3412 sacia,
248 3343 274 3396 si
287 3356 345 3412 qua
360 3345 402 3408 eri
418 3356 453 3396 ea
467 3342 573 3412 pratia,
589 3355 676 3412 repna
691 3342 776 3412 ianpe
791 3341 874 3395 deam
884 3338 1004 3410 patruo’
1056 3337 1114 3394 131
1126 3337 1245 3394 deiectas
1253 3327 1290 3413 rell

147 3433 238 3501 tatap
318 3423 378 3481 135
400 3425 477 3498 equis
489 3424 516 3480 P
530 3432 557 3479 et
577 3424 676 3497 iniquis
700 3424 896 3497 Wakefieidns
916 3420 988 3494 (sila.
1006 3425 1070 3478 crit.
1086 3439 1117 3494 p.
1133 3421 1178 3475 llll
1188 3439 1220 3494 p.
1239 3418 1289 3490 59)

213 3561 273 3618 136
296 3577 406 3636 uanay
486 3560 545 3617 137
574 3561 639 3615 haut
663 3579 679 3617 a
758 3558 815 3616 141
847 3560 970 3633 precipiti
993 3560 1020 3614 B
1046 3551 1059 3637 {l
1081 3528 1163 3613 hercl
1184 3574 1199 3612 c

150 3645 211 3704 144
233 3646 308 3701 fulua
325 3639 472 3718 PBc¹prrd
493 3645 560 3700 lulla
572 3638 620 3718 fe²
635 3665 680 3721 pm
700 3646 773 3715 Pet,
800 3647 898 3717 Taum,
921 3646 1004 3714 een,
1025 3659 1101 3700 ranas
1116 3644 1288 3712 Burmanni,

149 3733 332 3790 membranae
354 3731 576 3801 Pirrlclraimeri,
601 3732 750 3801 Baridias,
777 3731 944 3800 Gronovius,
962 3731 1106 3786 Handiae
1130 3726 1202 3782 culta
1219 3727 1289 3782 Geb-

148 3819 270 3875 lrardas.
294 3815 334 3888 cf.
362 3817 448 3872 Trea.
473 3815 506 3870 lll
530 3815 590 3873 326
613 3815 646 3870 lll
669 3815 729 3872 398
754 3814 930 3871 Claudianus
958 3816 1021 3871 bell.
1046 3815 1106 3870 Get.
1131 3810 1192 3868 223
1218 3811 1289 3884 ‘fal-

149 3909 236 3975 iaqae
251 3904 413 3972 despiciens
436 3919 509 3957 aare
531 3904 686 3974 laquearia
707 3899 797 3957 diaes’
814 3900 940 3956 Avienus
960 3902 1096 3968 descript.
1113 3903 1212 3954 terrae
1228 3895 1288 3951 376

151 3987 269 4058 ‘templa
287 3986 425 4058 Sinapaei
437 3987 515 4043 laris
530 3989 646 4042 adstant
661 3989 733 4041 nixa
750 3987 896 4054 calumnis,
913 3986 997 4040 divite
1012 3998 1150 4037 ranarum
1166 3984 1289 4035 eircum-

126 4069 250 4130 .ue'siita
272 4075 401 4141 metalla,
433 4089 507 4127 aare
526 4072 605 4143 fulta
628 4072 724 4144 praui,
749 4072 831 4126 niara
855 4071 1000 4125 radiantia
1023 4063 1136 4134 dente',
1161 4071 1188 4120 et
1211 4065 1292 4134 apud

148 4159 298 4213 Lucrinam
313 4157 334 4211 X
352 4155 411 4213 113
428 4158 495 4212 bani
508 4157 621 4212 codices
634 4155 791 4228 praedeni:
809 4155 908 4226 ‘fuicii
922 4167 1030 4225 aemma
1047 4157 1123 4207 taras
1139 4156 1165 4205 et
1180 4150 1290 4220 iaspide

146 4243 227 4314 falia
250 4239 395 4314 supellex'
470 4239 528 4296 145
552 4241 605 4294 late
628 4240 701 4310 eea,
726 4243 787 4296 edel.
813 4243 877 4294 aeti.
900 4229 914 4314 ΙΙ
934 4235 1043 4291 suffulta
1064 4235 1290 4310 Eindendrapias

229 4325 287 4383 146
311 4325 417 4381 clientis
436 4325 483 4398 Bf
500 4323 613 4379 clientes
632 4325 692 4380 PM
776 4321 835 4377 147
859 4315 928 4396 nan]
952 4321 1072 4376 nandum
1095 4320 1203 4388 Rana,
1228 4320 1289 4372 edd.

157 4412 290 4482 Venetae,
316 4410 484 4466 (leidardus
505 4408 660 4481 (Crepund.
678 4408 705 4471 3,
722 4407 760 4480 4),
786 4408 950 4464 traductum
974 4422 989 4461 e
1011 4425 1036 4462 a.
1062 4403 1122 4460 144
1137 4395 1150 4486 ll
1165 4402 1293 4482 inpacatil

150 4496 232 4568 Brcf
241 4489 255 4574 ΙΙ
270 4502 315 4551 aut
337 4493 474 4566 uigilantia
495 4490 514 4550 d
750 4487 755 4494 '
