3202 5164
730 419 923 468 PRAEFATIO

416 597 430 637 c
466 577 556 649 codex
579 577 765 638 Oassellanus

413 715 434 752 rr
463 696 553 756 codex
576 696 828 774 cantabrigiensis
849 698 899 774 qui
922 699 968 758 est
988 697 1104 774 collegii
1126 697 1218 757 sancti
1239 698 1336 772 Petri,
1359 718 1394 756 ex

464 815 619 876 collatione
641 816 768 876 Bentleii

413 933 431 992 d
464 934 555 994 codex
583 954 618 994 en
645 935 823 1006 bibliotheca
846 935 962 1012 collegii
983 935 1154 994 Emanuelis
1177 933 1392 1012 cantabrigiae,

462 1054 534 1113 item
561 1055 686 1114 collatus
715 1075 731 1112 a
757 1054 901 1113 Bentleio.
949 1053 1080 1113 ciusdem
1109 1053 1179 1112 libri
1206 1054 1394 1113 collationem

361 1205 364 1209 ·
463 1173 582 1231 adhibui
604 1173 821 1249 suppeditatum
843 1191 878 1231 ex
899 1173 998 1248 legato
1021 1172 1125 1231 Jacobi
1146 1171 1292 1232 Perizonii

412 1311 435 1364 φ
464 1291 665 1368 fragmentum
688 1290 947 1368 Cantabrigiense,
969 1290 1049 1366 quod
1070 1291 1200 1367 pertinet
1221 1290 1258 1348 ad
1278 1293 1391 1367 partem

462 1410 557 1469 octavi
578 1413 609 1469 et
629 1411 701 1499 noni
724 1410 888 1469 Thebaidos
909 1411 993 1483 libri,
1016 1430 1033 1467 a
1054 1409 1189 1469 Bentleio
1212 1411 1352 1469 collatum

346 1521 511 1587 Accedunt
531 1523 650 1607 passim
672 1523 911 1588 commemorati
931 1522 981 1587 hi:

411 1667 429 1725 γ
461 1647 551 1707 codex
561 1648 755 1708 bibliothecae
764 1648 898 1725 publicae
907 1646 1170 1723 danabrigionsis,
1186 1665 1222 1706 ex
1232 1666 1290 1722 quo
1300 1641 1393 1723 pauca

461 1768 577 1827 notavit
596 1768 748 1826 Bentleius

406 1904 431 1960 p
461 1886 551 1968 codex
573 1887 746 1946 Parisiensis
769 1887 850 1946 8052

398 2003 525 2065 'codices
548 2007 642 2064 musei
664 2005 841 2064 Britannici:
888 1998 890 2003 ⁸

524 2127 597 2199 reoli
626 2125 663 2182 15
691 2123 728 2182 A.
751 2123 835 2196 XXI,
867 2123 904 2180 15
932 2122 969 2181 A.
998 2121 1109 2196 XXIX,
1137 2123 1304 2182 Burnciuui
1332 2124 1391 2180 257

401 2233 404 2240 ⁴
524 2244 555 2300 et
578 2243 653 2316 258,
675 2243 833 2301 Hadriani
855 2241 946 2300 2463.
978 2241 1068 2299 2474.
1100 2241 1191 2300 2498.

262 2355 310 2439 ab
324 2338 394 2419 aliis
416 2354 499 2423 viris,
515 2354 616 2418 doctis
640 2354 810 2438 explorati:

260 2479 331 2538 Beh.
350 2481 376 2536 1.
394 2481 421 2536 2.
459 2478 516 2537 duo
532 2479 644 2538 codices
655 2478 779 2537 Adriani
789 2477 934 2552 Behbttii,
950 2497 1076 2553 quorum
1088 2479 1246 2539 varietates
1258 2479 1393 2553 supplevi

461 2598 492 2656 in
513 2596 665 2657 Addendis
689 2595 769 2674 (uide
790 2617 819 2672 p.
844 2595 917 2674 284)

260 2717 343 2775 Busl.
460 2717 535 2775 liber
548 2716 741 2776 henamensis
756 2715 920 2775 Buslidiani
934 2717 1051 2792 collegii
1242 2763 1248 2778 ,
1349 2776 1354 2787 ,

810 2783 815 2805 ·
1113 2794 1187 2851 qnos
1218 2776 1392 2835 Bernart1us

1114 2893 1247 2952 adhibuit
1273 2894 1304 2952 in
1332 2894 1391 2953 edi·
1449 2939 1451 2946 .

1114 3014 1193 3072 tione
1207 3012 1293 3072 Statii
1306 3010 1391 3090 (Ant-

1123 3131 1241 3207 verpiae
1266 3130 1359 3208 1595)

259 2835 357 2910 Lucu.
459 2834 549 2894 andex
572 2835 670 2896 Caroli
692 2835 799 2912 Langii

259 2955 354 3014 Lour.
459 2954 629 3014 Leodiensis
665 2955 741 3013 liber
780 2953 975 3012 bibliothecae
1013 2954 1042 3012 S.

461 3073 614 3132 Laurentii
706 3068 708 3071 ’

259 3192 340 3266 Intus.
462 3191 552 3250 codex
572 3192 667 3267 Lipsii

259 3311 339 3370 Dan.
460 3310 536 3369 liber
560 3310 642 3370 Petri
667 3311 799 3370 Danielis
835 3310 1056 3384 Lindenbrogio
1069 3309 1247 3384 suppeditati
1260 3310 1297 3368 ad
1305 3310 1392 3369 Statii

260 3430 320 3488 Pu.
461 3429 537 3488 noer
568 3429 654 3489 naun
684 3430 799 3489 Patavii
891 3429 1052 3488 tutionem
1076 3397 1210 3504 (rinna
1235 3426 1328 3505 roco)

262 3548 350 3606 Tuur.
458 3548 548 3608 codex
571 3549 778 3622 Taurinensis,
807 3533 889 3608 ouius
910 3549 1009 3608 variae
1031 3547 1166 3607 lectionis
1195 3567 1264 3623 pars
1286 3567 1392 3623 propo-

459 3668 542 3726 nitur
556 3669 587 3726 in
603 3665 851 3727 Observationum
860 3668 1116 3727 Miscellanearum
1130 3667 1280 3727 volumino
1296 3667 1352 3726 Iet
1362 3666 1393 3724 ΙΙ

260 3785 330 3843 Pur.
416 3760 417 3769 ¹
459 3783 665 3863 (Parisienses)
690 3787 781 3850 8053.
805 3787 887 3846 8054
931 3804 937 3812 ·

458 3905 633 3964 Parisi'ensis
656 3907 752 3979 8055,
776 3906 848 3965 olim
864 3905 1051 3965 Oolbertinus
1108 3904 1144 3962 ad
1155 3903 1243 3962 fidem
1255 3903 1393 3963 editionis

261 4020 337 4082 ch.
459 4021 613 4101 (Gudiani)
638 4025 687 4084 52.
711 4025 760 4083 54.
786 4024 844 4083 146
1037 4096 1041 4104 ¹
1121 4023 1285 4098 Lipsiensis
1308 4023 1377 4081 armi

260 4142 349 4202 Rebd.
463 4141 704 4204 Vratislaviensis
727 4163 763 4204 ex
791 4143 970 4204 bibliotheca
990 4143 1065 4202 Reh-
1209 4141 1289 4200 1854

461 4261 602 4337 digerana
1268 4247 1269 4256 ¹

337 4423 344 4436 .
462 4380 553 4440 editio
575 4383 708 4441 Romana
730 4381 744 4440 I
766 4381 835 4440 anni
860 4379 939 4439 1475
964 4373 967 4380 ’
