3180 5176
506 439 598 481 sum
620 437 798 482 caueamus
820 440 853 482 Vl

189 589 306 650 taudem
329 594 499 668 expectatus
520 587 634 649 volucri
656 606 747 668 super
769 589 886 668 agmine
908 589 982 652 saltu

188 700 294 762 emieat
316 706 345 760 et
365 705 444 760 torto
465 697 650 778 chlamydem
672 697 814 760 diffibulat
835 681 918 762 burc.

188 809 322 872 effulsere
344 818 439 879 ortus,
464 807 726 888 membrorumque
748 811 844 871 omnis
866 818 967 891 aperta
990 816 1033 872 est

186 919 309 990 laetitio,
333 920 522 1000 insignesque
545 920 654 991 umeri,
677 937 733 981 uec
755 927 875 1001 pectore
898 920 985 984 nudis

186 1031 332 1092 deteriora
355 1031 454 1110 genis,
478 1030 628 1110 patuitque
651 1029 680 1090 in
703 1048 828 1111 corpore
851 1032 951 1094 virtus.

186 1144 248 1223 ipso
271 1147 369 1202 tamen
391 1140 504 1212 sormae
526 1139 643 1203 leudem
665 1147 842 1222 aspernatur
865 1148 894 1202 et
916 1150 996 1206 arcet

186 1253 342 1321 mirantem
368 1259 437 1314 tunc
458 1249 604 1313 P'elledios
626 1269 685 1314 non
707 1252 817 1313 inscius
839 1250 960 1314 haustus

184 1361 319 1424 incubuit
340 1361 502 1444 pinguique
525 1371 622 1425 cutem
644 1362 776 1424 fuscatur
798 1361 884 1426 olivo.

186 1472 243 1534 hoc
265 1472 347 1544 ldas.
371 1472 428 1534 boc
451 1491 534 1535 more
557 1473 662 1552 Dymas
684 1472 792 1551 aliique
813 1473 972 1536 nitescunt.

184 1585 226 1644 sic
248 1581 299 1643 ubi
321 1582 480 1662 tranquillo
502 1582 657 1664 perlucent
678 1581 774 1644 sidero
796 1589 887 1664 ponto

185 1692 374 1772 vibraturque
396 1693 480 1756 sretis
501 1693 575 1755 caeli
597 1691 741 1756 stellantis
761 1693 872 1772 imago,

185 1803 280 1865 omnia
304 1803 381 1866 clera
404 1805 513 1880 nitent,
535 1804 587 1865 sed
610 1803 716 1865 clarior
739 1805 835 1865 omnia
858 1822 947 1884 supra

183 1915 333 1994 Hesperos
356 1920 467 1976 exertat
490 1914 602 1985 radios,
626 1899 812 1995 quantusque
833 1933 887 1995 per
909 1913 999 1977 altum

183 2024 317 2095 aethera,
341 2023 484 2087 caeruleis
506 2032 605 2086 tantus
627 2032 808 2086 monstratur
829 2027 860 2085 iu
884 2025 979 2086 undis.

182 2137 335 2216 proximus
358 2143 386 2196 et
408 2136 503 2198 torma
526 2154 581 2197 nec
602 2134 727 2197 multum
750 2135 873 2224 segnior
890 2134 957 2198 ldas

184 2244 320 2309 cursibus
339 2254 428 2324 atque
451 2263 521 2307 aevo
544 2247 623 2308 iuxta
645 2246 737 2326 prior.
782 2253 911 2308 attamen
933 2245 975 2308 illi

181 2359 241 2419 iem
264 2364 381 2418 tenuem
404 2357 528 2437 pingues
550 2355 654 2418 dorem
675 2357 818 2419 induxere
840 2356 1021 2438 palaestrae,

182 2465 370 2546 deserpitque
392 2467 477 2545 genis
499 2485 554 2528 nec
576 2485 608 2528 se
630 2465 738 2546 lanugo
758 2468 869 2529 fatetur

90 2690 223 2736 TESTES.
247 2689 418 2734 audeonus.
441 2689 643 2733 lbss'l'A'l'OREl.

164 2775 213 2824 573
231 2773 268 2826 77.
281 2773 361 2836 Verg.
373 2771 442 2824 Aen.-
455 2772 478 2822 V
490 2773 540 2822 344
552 2773 657 2836 gratior
674 2775 703 2823 et
720 2771 834 2838 pulchro
846 2773 961 2824 veniens
973 2773 1003 2822 iu
1019 2788 1132 2839 corpore
1145 2772 1233 2825 virtus

163 2843 212 2892 581
236 2841 273 2895 ef.
295 2839 358 2891 silv.
381 2839 456 2900 116,
476 2840 508 2890 36
531 2855 571 2904 sq.
594 2845 725 2905 quantum
748 2839 887 2906 praecedit
910 2839 986 2893 clere
1008 2842 1126 2892 minores
1150 2842 1232 2892 Luna

93 2911 188 2971 seces,
207 2912 393 2974 quantumque
412 2906 480 2959 elios
498 2907 599 2973 promit
616 2908 756 2973 Hesperos
772 2908 852 2976 igneo
920 2909 969 2958 586
986 2909 1022 2959 77.
1039 2908 1139 2975 Apulei
1157 2909 1231 2976 apol.

94 2995 124 3044 p.
143 2979 293 3041 tllbxquom
311 2975 442 3026 decenter
459 2976 596 3040 utrimque
613 2975 716 3042 lanugo
734 2975 814 3026 molis
831 2975 960 3042 decerpet

93 3193 190 3238 vltmn
211 3190 337 3234 uberto.

181 3277 241 3335 569
263 3285 291 3334 et
316 3277 451 3352 spectatus
466 3276 492 3349 f.
520 3277 560 3351 cf.
582 3297 607 3335 a.
626 3277 685 3335 739
712 3271 721 3356 b
745 3278 795 3352 sup
815 3277 844 3334 B
864 3270 875 3356 ΙΙ
895 3277 964 3333 saltu
985 3294 1063 3336 corr.
1087 3293 1125 3333 77
1145 3279 1231 3348 mutu,

91 3371 125 3422 ut
147 3363 272 3433 uidetur,
293 3364 356 3419 eod.
378 3379 455 3418 mon.
477 3379 493 3418 7
600 3361 663 3421 570
682 3369 742 3419 toto
769 3364 832 3436 (ced
849 3364 914 3420 cdd.
938 3379 951 3417 r
976 3364 1074 3420 eadem
1096 3363 1193 3440 manu)
1215 3380 1232 3421 c

180 3451 255 3557 tebbto
276 3497 298 3535 π
319 3474 339 3557 ΙΙ
351 3479 498 3554 clamydem
523 3481 550 3536 P
616 3480 754 3538 clamidem
775 3483 836 3555 Bsc
940 3477 999 3539 571
1021 3480 1181 3563 membrmpq.
1204 3484 1232 3538 B

181 3564 241 3622 572
263 3565 377 3621 baeticia
392 3566 437 3621 Bc
458 3559 469 3642 ΙΙ
489 3565 608 3640 insignes
628 3565 692 3640 (que
714 3561 777 3642 om.)
801 3566 885 3639 Brfrc
907 3583 981 3624 unus
1002 3566 1073 3622 Belo.
1145 3574 1172 3623 et
1191 3568 1231 3624 in·

89 3651 184 3726 lignes
208 3653 284 3707 atter
303 3650 376 3706 Bet.
400 3642 411 3727 {l
432 3650 536 3705 humeri
557 3651 644 3707 PBM
663 3644 673 3728 b
695 3645 787 3728 nudis]
811 3653 841 3708 id
862 3659 920 3708 est.-
944 3652 1116 3708 imberbibos

92 3736 156 3794 573
177 3734 314 3791 beteriore
335 3733 444 3806 (ultimo
466 3751 481 3790 e
501 3751 578 3791 corr.
594 3738 623 3792 in
638 3734 663 3808 a)
679 3735 707 3790 B
727 3728 739 3812 Η
759 3736 852 3810 oluitq.
869 3737 896 3792 in
917 3752 1031 3811 corpore
1047 3737 1134 3792 uirtus
1146 3729 1189 3792 P1
1269 3809 1276 3818 ·

91 3821 227 3894 latuitque
247 3821 275 3875 in
295 3834 410 3894 corpore
427 3817 547 3894 (pectore
560 3817 592 3892 77)
608 3820 701 3876 uultus
712 3819 774 3877 ΒΜ
787 3823 957 3894 scholiasta,
973 3823 1051 3890 cdd,
1074 3822 1230 3880 substituit-

91 3922 149 3980 que
164 3909 194 3962 in
209 3905 237 3960 P
250 3907 368 3978 antiquo
382 3907 504 3961 tectione
524 3905 617 3962 deleta
633 3922 735 3962 manus
755 3909 900 3963 recentior
919 3921 997 3963 socc.
1013 3907 1092 3964 XII'
1132 3908 1231 3980 patuit·

91 4007 147 4065 que
167 3993 275 4062 scripsi
295 4005 334 4046 coc
357 3992 525 4047 coniectura
546 4006 618 4047 mcc.
650 3990 690 4063 cs.
715 4008 739 4047 o.
762 3990 821 4048 669
880 4067 882 4074 y
935 3989 995 4048 574
1019 3990 1181 4064 lpsoetamen
1202 3993 1230 4047 B

179 4108 239 4166 776
263 4107 334 4164 ortua
355 4125 430 4165 unos
450 4108 522 4166 een
624 4108 839 4180 alternasse
937 4108 998 4167 777
1018 4080 1134 4185 pingent
1148 4110 1176 4168 r

91 4194 230 4269 pellucent
245 4211 271 4249 m
287 4195 348 4250 edd.
404 4201 411 4218 ·
449 4194 509 4252 579
524 4193 648 4250 stillantis
659 4194 687 4250 P
779 4193 839 4252 581
857 4194 991 4269 Hesperus
1000 4194 1046 4268 fm
1060 4196 1123 4252 edd.
1139 4186 1229 4274 cett-ss

92 4284 197 4336 exertat
212 4281 333 4336 coniecit
348 4271 532 4336 Sclircdercs
570 4287 693 4350 'exercet
707 4280 794 4335 PBlls
807 4280 868 4336 edd.
886 4272 898 4357 b
912 4299 931 4353 p
947 4279 975 4334 B
1060 4278 1120 4336 582
1137 4296 1229 4338 caeru-

91 4364 152 4421 leus
164 4356 210 4419 Β1
267 4362 382 4419 ceruleis
391 4364 412 4437 f
507 4362 567 4420 583
583 4357 625 4440 et]
643 4365 681 4419 est
695 4383 722 4420 m
820 4362 881 4422 584
896 4363 963 4420 iusta
977 4379 1051 4422 unus
1065 4365 1137 4430 Belo.

93 4448 154 4508 585
170 4448 287 4524 palestre
299 4449 354 4505 PB
368 4440 382 4528 {l
397 4448 435 4522 cs.
452 4452 512 4507 silo.
529 4447 607 4522 1114,
624 4447 662 4506 65
678 4466 720 4526 sq.
742 4445 744 4453 ⁴
